合约编号,买一价,买一量,卖一价,卖一量,开盘价,最高价,最低价,最新价,持仓量,成交量,涨停价,跌停价,昨结算价,今日平均价,行情更新时间,更新毫秒数
IF1509,1.79769313486232E+308,0,1.79769313486232E+308,0,1.79769313486232E+308,1.79769313486232E+308,1.79769313486232E+308,3132.2,91084,0,3448.4,2821.6,3135,0,07:16:02,500
IF1509,3047.8,5,3050,89,3050,3050,3050,3050,91346,695,3448.4,2821.6,3135,3050,09:14:00,500
IF1509,3043,7,3044.4,2,3050,3050,3032,3044.4,91675,1559,3448.4,2821.6,3135,3046.22809493265,09:15:00,500
IF1509,3042.2,3,3042.4,4,3050,3050,3020,3042.4,91861,2633,3448.4,2821.6,3135,3041.41868590961,09:15:01,0
IF1509,3020.8,1,3040.2,1,3050,3050,3012.2,3040.2,92012,3323,3448.4,2821.6,3135,3039.21775504063,09:15:01,500
IF1509,3011.6,5,3020.8,89,3050,3050,3011.4,3011.6,92268,4088,3448.4,2821.6,3135,3036.91643835618,09:15:02,0
IF1509,3013.8,31,3018.8,2,3050,3050,3011.4,3016,92307,4968,3448.4,2821.6,3135,3033.55845410629,09:15:02,500
IF1509,3014.4,6,3014.6,1,3050,3050,3011.4,3014.4,92393,5823,3448.4,2821.6,3135,3031.00405289371,09:15:03,0
IF1509,3018.8,15,3030,10,3050,3050,3011.4,3018.8,92640,6457,3448.4,2821.6,3135,3029.78711475918,09:15:03,500
IF1509,3022,6,3026.2,8,3050,3050,3011.4,3022,92777,7064,3448.4,2821.6,3135,3029.48258776898,09:15:04,0
IF1509,3023.4,7,3024.6,5,3050,3050,3011.4,3024.6,92910,7764,3448.4,2821.6,3135,3028.9125965997,09:15:04,500
IF1509,3020.8,1,3023.4,78,3050,3050,3011.4,3023.2,93046,8317,3448.4,2821.6,3135,3028.51665263918,09:15:05,0
IF1509,3014.8,6,3018.8,15,3050,3050,3011.4,3018.8,93175,8660,3448.4,2821.6,3135,3028.16755196306,09:15:05,500
IF1509,3014.6,86,3014.8,3,3050,3050,3011.4,3014.8,93223,9045,3448.4,2821.6,3135,3027.61598673301,09:15:06,0
IF1509,3011,9,3011.8,20,3050,3050,3011,3011.8,93311,9374,3448.4,2821.6,3135,3027.11527629614,09:15:06,500
IF1509,3007.4,2,3010.2,10,3050,3050,3007.4,3010.2,93440,9696,3448.4,2821.6,3135,3026.53242574258,09:15:07,0
IF1509,3009,1,3009.4,4,3050,3050,3006,3009,93474,10137,3448.4,2821.6,3135,3025.75211601066,09:15:07,500
IF1509,3005.4,21,3009,18,3050,3050,3005.4,3005.4,93453,10654,3448.4,2821.6,3135,3024.95877604656,09:15:08,0
IF1509,3007.4,8,3008.6,1,3050,3050,3005.4,3007.6,93582,11227,3448.4,2821.6,3135,3024.16453193196,09:15:08,500
IF1509,3006.2,61,3007.4,9,3050,3050,3005.4,3007.4,93606,11607,3448.4,2821.6,3135,3023.6705091755,09:15:09,0
IF1509,3007,4,3007.4,49,3050,3050,3005.4,3007,93636,12000,3448.4,2821.6,3135,3023.11648333334,09:15:09,500
IF1509,3007,1,3008.8,2,3050,3050,3005.4,3007,93579,12485,3448.4,2821.6,3135,3022.48573488186,09:15:10,0
IF1509,3007.4,9,3008,2,3050,3050,3005.4,3007.4,93607,12904,3448.4,2821.6,3135,3022.00900495971,09:15:10,500
IF1509,3009,8,3011.6,1,3050,3050,3005.4,3009,93593,13340,3448.4,2821.6,3135,3021.5903898051,09:15:11,0
IF1509,3009.8,5,3010.6,1,3050,3050,3005.4,3009.8,93663,13727,3448.4,2821.6,3135,3021.29471843812,09:15:11,500
IF1509,3010.6,130,3018.8,57,3050,3050,3005.4,3010.6,93752,14249,3448.4,2821.6,3135,3020.96429223104,09:15:12,0
IF1509,3012.8,4,3016.6,11,3050,3050,3005.4,3012.2,93763,14559,3448.4,2821.6,3135,3020.81877876228,09:15:12,500
IF1509,3013.8,5,3016.2,6,3050,3050,3005.4,3016.2,93801,14818,3448.4,2821.6,3135,3020.70840869214,09:15:13,0
IF1509,3014.8,1,3016,8,3050,3050,3005.4,3015.8,93795,15061,3448.4,2821.6,3135,3020.62406214727,09:15:13,500
IF1509,3016,1,3017.4,2,3050,3050,3005.4,3016,93755,15445,3448.4,2821.6,3135,3020.49600517967,09:15:14,0
IF1509,3015,39,3015.8,1,3050,3050,3005.4,3015.8,93769,15637,3448.4,2821.6,3135,3020.42894417088,09:15:14,500
IF1509,3012.2,5,3012.8,2,3050,3050,3005.4,3012.2,93831,15793,3448.4,2821.6,3135,3020.36922687267,09:15:15,0
IF1509,3012.8,49,3014.8,1,3050,3050,3005.4,3013.8,93864,16046,3448.4,2821.6,3135,3020.26067555778,09:15:15,500
IF1509,3013,8,3014,5,3050,3050,3005.4,3013.6,93866,16292,3448.4,2821.6,3135,3020.16687945004,09:15:16,0
IF1509,3013,6,3013.8,9,3050,3050,3005.4,3013.4,93884,16438,3448.4,2821.6,3135,3020.11158291763,09:15:16,500
IF1509,3014,1,3014.8,1,3050,3050,3005.4,3013.8,93853,16553,3448.4,2821.6,3135,3020.07034374434,09:15:17,0
IF1509,3011.6,59,3012.2,1,3050,3050,3005.4,3011.6,93799,16780,3448.4,2821.6,3135,3019.98089392134,09:15:17,500
IF1509,3012.4,2,3013,2,3050,3050,3005.4,3014.6,93834,16934,3448.4,2821.6,3135,3019.91199952758,09:15:18,0
IF1509,3011.4,1,3013,13,3050,3050,3005.4,3012.4,93861,17078,3448.4,2821.6,3135,3019.85161025882,09:15:18,500
IF1509,3010.6,73,3012.4,26,3050,3050,3005.4,3011.6,93859,17206,3448.4,2821.6,3135,3019.79256073463,09:15:19,0
IF1509,3011.2,6,3011.4,1,3050,3050,3005.4,3011.2,93842,17521,3448.4,2821.6,3135,3019.6496889447,09:15:19,500
IF1509,3008.8,3,3010.8,27,3050,3050,3005.4,3008.8,93858,17778,3448.4,2821.6,3135,3019.52211722354,09:15:20,0
IF1509,3008,84,3008.6,3,3050,3050,3005.4,3008,93871,17959,3448.4,2821.6,3135,3019.42154908403,09:15:20,500
IF1509,3007.4,105,3008,112,3050,3050,3005.4,3007.4,93901,18201,3448.4,2821.6,3135,3019.27209493984,09:15:21,0
IF1509,3003.4,1,3004,4,3050,3050,3003.2,3004,93986,18653,3448.4,2821.6,3135,3018.96648260334,09:15:21,500
IF1509,3004,49,3005.6,1,3050,3050,3003.2,3004,94005,18929,3448.4,2821.6,3135,3018.76329441598,09:15:22,0
IF1509,3005.8,4,3006.6,6,3050,3050,3003.2,3005.8,94076,19204,3448.4,2821.6,3135,3018.58468027495,09:15:22,500
IF1509,3007.8,2,3009.8,3,3050,3050,3003.2,3006.6,94079,19494,3448.4,2821.6,3135,3018.42012927055,09:15:23,0
IF1509,3008.4,2,3009,16,3050,3050,3003.2,3008.4,94012,19798,3448.4,2821.6,3135,3018.26494595414,09:15:23,500
IF1509,3010.8,73,3011,2,3050,3050,3003.2,3010.8,93964,20096,3448.4,2821.6,3135,3018.11954617835,09:15:24,0
IF1509,3004,109,3005.4,6,3050,3050,3003.2,3005.4,94013,20515,3448.4,2821.6,3135,3017.91488179381,09:15:24,500
IF1509,3006.4,1,3007.2,1,3050,3050,3003.2,3007.2,94050,20695,3448.4,2821.6,3135,3017.80596279295,09:15:25,0
IF1509,3007.2,9,3008.4,21,3050,3050,3003.2,3008.4,94019,20883,3448.4,2821.6,3135,3017.70885409185,09:15:25,500
IF1509,3004,88,3005.4,2,3050,3050,3003.2,3004,93959,21113,3448.4,2821.6,3135,3017.5924501492,09:15:26,0
IF1509,3006.8,1,3010.8,55,3050,3050,3003.2,3010.8,94013,21332,3448.4,2821.6,3135,3017.47302643916,09:15:26,500
IF1509,3008,19,3008.4,1,3050,3050,3003.2,3008,94012,21596,3448.4,2821.6,3135,3017.37060566772,09:15:27,0
IF1509,3007.8,1,3008,1,3050,3050,3003.2,3010.8,94001,21729,3448.4,2821.6,3135,3017.31812784758,09:15:27,500
IF1509,3010.2,1,3010.8,46,3050,3050,3003.2,3010.8,93998,21810,3448.4,2821.6,3135,3017.29078404402,09:15:28,0
IF1509,3010,40,3010.2,18,3050,3050,3003.2,3010.2,93948,21950,3448.4,2821.6,3135,3017.24633257403,09:15:28,500
IF1509,3010.2,1,3010.6,2,3050,3050,3003.2,3010.8,93953,22086,3448.4,2821.6,3135,3017.20268043105,09:15:29,0
IF1509,3010.6,6,3010.8,1,3050,3050,3003.2,3010.4,93955,22215,3448.4,2821.6,3135,3017.16126040964,09:15:29,500
IF1509,3010.8,34,3011.4,15,3050,3050,3003.2,3010.8,94035,22430,3448.4,2821.6,3135,3017.08691930451,09:15:30,0
IF1509,3009.2,1,3010,1,3050,3050,3003.2,3009.2,94040,22579,3448.4,2821.6,3135,3017.04239337438,09:15:30,500
IF1509,3009.4,1,3009.8,1,3050,3050,3003.2,3009.8,94053,22746,3448.4,2821.6,3135,3016.98448078783,09:15:31,0
IF1509,3007.2,19,3009.2,3,3050,3050,3003.2,3008.8,94036,22836,3448.4,2821.6,3135,3016.95239971974,09:15:31,500
IF1509,3008,6,3008.6,4,3050,3050,3003.2,3008.6,94034,22897,3448.4,2821.6,3135,3016.92910861685,09:15:32,0
IF1509,3008.6,1,3009.4,13,3050,3050,3003.2,3009,94007,23028,3448.4,2821.6,3135,3016.88344623936,09:15:32,500
IF1509,3008,4,3009.2,5,3050,3050,3003.2,3009.2,94005,23094,3448.4,2821.6,3135,3016.86035333853,09:15:33,0
IF1509,3007.2,10,3008,6,3050,3050,3003.2,3007.2,94033,23186,3448.4,2821.6,3135,3016.82580867765,09:15:33,500
IF1509,3006.6,6,3007,2,3050,3050,3003.2,3007,94043,23245,3448.4,2821.6,3135,3016.80151430415,09:15:34,0
IF1509,3004.4,1,3006.8,4,3050,3050,3003.2,3004.8,94088,23428,3448.4,2821.6,3135,3016.72209322179,09:15:34,500
IF1509,3004,59,3004.4,50,3050,3050,3003.2,3004.4,94078,23645,3448.4,2821.6,3135,3016.61827870586,09:15:35,0
IF1509,3002.8,32,3004,2,3050,3050,3002.8,3004.2,94090,23863,3448.4,2821.6,3135,3016.50085907053,09:15:35,500
IF1509,3002.4,13,3003.4,16,3050,3050,3002.4,3002.4,94103,24129,3448.4,2821.6,3135,3016.35652534295,09:15:36,0
IF1509,3001.8,1,3002.4,19,3050,3050,3001.8,3002.4,94173,24369,3448.4,2821.6,3135,3016.21664409701,09:15:36,500
IF1509,3001.4,43,3001.8,5,3050,3050,3001.4,3001.4,94216,24544,3448.4,2821.6,3135,3016.11478161669,09:15:37,0
IF1509,3001.2,68,3001.8,2,3050,3050,3001.2,3001.8,94193,24771,3448.4,2821.6,3135,3015.98357757055,09:15:37,500
IF1509,3001.4,15,3002,3,3050,3050,3001.2,3002,94211,24946,3448.4,2821.6,3135,3015.88435821374,09:15:38,0
IF1509,3001.8,2,3002.4,4,3050,3050,3001.2,3001.8,94156,25139,3448.4,2821.6,3135,3015.77873423764,09:15:38,500
IF1509,3002,2,3003.8,5,3050,3050,3001.2,3001.8,94271,25431,3448.4,2821.6,3135,3015.63218119618,09:15:39,0
IF1509,3002.6,8,3003,2,3050,3050,3001.2,3002.6,94274,25564,3448.4,2821.6,3135,3015.56851822876,09:15:39,500
IF1509,3003.8,1,3004.4,29,3050,3050,3001.2,3004.4,94273,25720,3448.4,2821.6,3135,3015.4966251944,09:15:40,0
IF1509,3002,23,3003.8,6,3050,3050,3001.2,3002,94248,25965,3448.4,2821.6,3135,3015.381536684,09:15:40,500
IF1509,3004.2,1,3006.6,96,3050,3050,3001.2,3004.4,94276,26215,3448.4,2821.6,3135,3015.26715239367,09:15:41,0
IF1509,3003,1,3004,7,3050,3050,3001.2,3003.8,94270,26386,3448.4,2821.6,3135,3015.19587660123,09:15:41,500
IF1509,3002.6,2,3003.6,23,3050,3050,3001.2,3002.8,94261,26489,3448.4,2821.6,3135,3015.14839367285,09:15:42,0
IF1509,3002,1,3002.4,1,3050,3050,3001.2,3002.4,94268,26575,3448.4,2821.6,3135,3015.1072060207,09:15:42,500
IF1509,3001,62,3001.4,25,3050,3050,3001,3001,94324,26743,3448.4,2821.6,3135,3015.02183749019,09:15:43,0
IF1509,3000,173,3000.6,4,3050,3050,3000.2,3000.6,94367,26936,3448.4,2821.6,3135,3014.92040392041,09:15:43,500
IF1509,3000.2,5,3001,1,3050,3050,3000,3001,94382,27254,3448.4,2821.6,3135,3014.75379760769,09:15:44,0
IF1509,3000.4,3,3000.8,2,3050,3050,3000,3002,94366,27439,3448.4,2821.6,3135,3014.66016254237,09:15:44,500
IF1509,3001.4,3,3002.6,1,3050,3050,3000,3000.4,94320,27648,3448.4,2821.6,3135,3014.56120515047,09:15:45,0
IF1509,3001,2,3001.4,6,3050,3050,3000,3001.4,94336,27781,3448.4,2821.6,3135,3014.49916849646,09:15:45,500
IF1509,3000.8,23,3001,24,3050,3050,3000,3001,94301,27908,3448.4,2821.6,3135,3014.43918589652,09:15:46,0
IF1509,3000,47,3001.4,62,3050,3050,3000,3001,94330,28069,3448.4,2821.6,3135,3014.35955680644,09:15:46,500
IF1509,2999.2,20,2999.4,1,3050,3050,2999.2,3000.8,94389,28257,3448.4,2821.6,3135,3014.26565452808,09:15:47,0
IF1509,2998.2,26,2998.4,2,3050,3050,2998.2,2999.6,94451,28374,3448.4,2821.6,3135,3014.20329879467,09:15:47,500
IF1509,2998.4,17,3000,10,3050,3050,2998.2,3000,94429,28604,3448.4,2821.6,3135,3014.08200251713,09:15:48,0
IF1509,3000,6,3000.2,7,3050,3050,2998.2,3000,94411,28877,3448.4,2821.6,3135,3013.94210617447,09:15:48,500
IF1509,3000.2,2,3001,35,3050,3050,2998.2,3000.2,94483,29329,3448.4,2821.6,3135,3013.72824167207,09:15:49,0
IF1509,3001,27,3001.4,77,3050,3050,2998.2,3001,94495,29555,3448.4,2821.6,3135,3013.63008627982,09:15:49,500
IF1509,3001.6,4,3002,28,3050,3050,2998.2,3001.6,94501,29721,3448.4,2821.6,3135,3013.56191245248,09:15:50,0
IF1509,3002.2,6,3003,24,3050,3050,2998.2,3002.4,94494,29865,3448.4,2821.6,3135,3013.50678720911,09:15:50,500
IF1509,3003,45,3004.2,36,3050,3050,2998.2,3003,94570,30209,3448.4,2821.6,3135,3013.3847661293,09:15:51,0
IF1509,3003.4,4,3004.2,16,3050,3050,2998.2,3004.2,94562,30332,3448.4,2821.6,3135,3013.34574706581,09:15:51,500
IF1509,3004.2,8,3004.6,18,3050,3050,2998.2,3004.2,94532,30443,3448.4,2821.6,3135,3013.31245278061,09:15:52,0
IF1509,3005.4,10,3006.6,83,3050,3050,2998.2,3005.4,94516,30615,3448.4,2821.6,3135,3013.26155152703,09:15:52,500
IF1509,3005.4,2,3006,1,3050,3050,2998.2,3005.4,94593,30824,3448.4,2821.6,3135,3013.21340513885,09:15:53,0
IF1509,3006,33,3007.2,8,3050,3050,2998.2,3007,94582,30944,3448.4,2821.6,3135,3013.18458505688,09:15:53,500
IF1509,3006.2,5,3006.8,5,3050,3050,2998.2,3006.8,94566,31028,3448.4,2821.6,3135,3013.16661724894,09:15:54,0
IF1509,3006.8,6,3007.2,4,3050,3050,2998.2,3006.8,94565,31118,3448.4,2821.6,3135,3013.1474901986,09:15:54,500
IF1509,3006,23,3006.8,1,3050,3050,2998.2,3006,94566,31305,3448.4,2821.6,3135,3013.11024436991,09:15:55,0
IF1509,3005.8,1,3006.6,3,3050,3050,2998.2,3006,94552,31400,3448.4,2821.6,3135,3013.08988535032,09:15:55,500
IF1509,3006,3,3006.8,5,3050,3050,2998.2,3006.8,94560,31479,3448.4,2821.6,3135,3013.0731789447,09:15:56,0
IF1509,3005,14,3006.2,1,3050,3050,2998.2,3006.2,94543,31593,3448.4,2821.6,3135,3013.04764979584,09:15:56,500
IF1509,3006.4,2,3006.8,2,3050,3050,2998.2,3006.4,94551,31693,3448.4,2821.6,3135,3013.0255387625,09:15:57,0
IF1509,3005.6,2,3006.2,1,3050,3050,2998.2,3006.2,94537,31780,3448.4,2821.6,3135,3013.0058842039,09:15:57,500
IF1509,3004.6,30,3005.6,6,3050,3050,2998.2,3004.6,94525,31845,3448.4,2821.6,3135,3012.99046632125,09:15:58,0
IF1509,3005,12,3006,3,3050,3050,2998.2,3005.4,94530,31986,3448.4,2821.6,3135,3012.95661226787,09:15:58,500
IF1509,3005.6,2,3005.8,1,3050,3050,2998.2,3005.4,94529,32046,3448.4,2821.6,3135,3012.94268863509,09:15:59,0
IF1509,3006,1,3006.4,38,3050,3050,2998.2,3006.4,94538,32123,3448.4,2821.6,3135,3012.92516265604,09:15:59,500
IF1509,3006.2,2,3006.4,8,3050,3050,2998.2,3006.4,94541,32207,3448.4,2821.6,3135,3012.90766603534,09:16:00,0
IF1509,3006.4,12,3007.8,64,3050,3050,2998.2,3007.8,94574,32372,3448.4,2821.6,3135,3012.87612133943,09:16:00,500
IF1509,3007.8,16,3008,27,3050,3050,2998.2,3007.8,94674,32542,3448.4,2821.6,3135,3012.84861409871,09:16:01,0
IF1509,3008.6,2,3010,21,3050,3050,2998.2,3008.6,94732,32723,3448.4,2821.6,3135,3012.82592671821,09:16:01,500
IF1509,3010.2,1,3010.6,16,3050,3050,2998.2,3010.2,94742,32814,3448.4,2821.6,3135,3012.81865057598,09:16:02,0
IF1509,3010.6,1,3011,7,3050,3050,2998.2,3010.6,94731,32932,3448.4,2821.6,3135,3012.81033645087,09:16:02,500
IF1509,3011,30,3011.8,1,3050,3050,2998.2,3011,94704,33044,3448.4,2821.6,3135,3012.80410967195,09:16:03,0
IF1509,3011.2,2,3011.6,1,3050,3050,2998.2,3011.6,94690,33228,3448.4,2821.6,3135,3012.79597929457,09:16:03,500
IF1509,3011.8,75,3012,1,3050,3050,2998.2,3011.8,94681,33380,3448.4,2821.6,3135,3012.78977831037,09:16:04,0
IF1509,3012,14,3012.8,3,3050,3050,2998.2,3012.6,94677,33544,3448.4,2821.6,3135,3012.79032911996,09:16:04,500
IF1509,3012.8,4,3013.2,1,3050,3050,2998.2,3012.8,94772,33823,3448.4,2821.6,3135,3012.78696153505,09:16:05,0
IF1509,3013.4,1,3014,2,3050,3050,2998.2,3013.4,94811,33958,3448.4,2821.6,3135,3012.78830319807,09:16:05,500
IF1509,3012.8,22,3013.6,5,3050,3050,2998.2,3012.8,94794,34105,3448.4,2821.6,3135,3012.79108048673,09:16:06,0
IF1509,3011.8,29,3013.4,2,3050,3050,2998.2,3013,94754,34343,3448.4,2821.6,3135,3012.79275543779,09:16:06,500
IF1509,3012.2,8,3012.8,4,3050,3050,2998.2,3012.6,94748,34494,3448.4,2821.6,3135,3012.79159274077,09:16:07,0
IF1509,3011,5,3011.8,7,3050,3050,2998.2,3011.2,94739,34653,3448.4,2821.6,3135,3012.78665050645,09:16:07,500
IF1509,3010,36,3010.8,16,3050,3050,2998.2,3010.8,94752,34790,3448.4,2821.6,3135,3012.77776372521,09:16:08,0
IF1509,3008,63,3010,49,3050,3050,2998.2,3010,94741,34931,3448.4,2821.6,3135,3012.76491941256,09:16:08,500
IF1509,3008.8,1,3009,1,3050,3050,2998.2,3008.8,94750,35060,3448.4,2821.6,3135,3012.74872219053,09:16:09,0
IF1509,3008,5,3008.4,2,3050,3050,2998.2,3008.4,94778,35173,3448.4,2821.6,3135,3012.73489324198,09:16:09,500
IF1509,3006,6,3008,4,3050,3050,2998.2,3008.8,94790,35256,3448.4,2821.6,3135,3012.72319037894,09:16:10,0
IF1509,3006,1,3007.4,9,3050,3050,2998.2,3007.4,94790,35313,3448.4,2821.6,3135,3012.71329538697,09:16:10,500
IF1509,3005.8,5,3007,13,3050,3050,2998.2,3006.8,94779,35377,3448.4,2821.6,3135,3012.70160838963,09:16:11,0
IF1509,3005.4,1,3005.8,15,3050,3050,2998.2,3005.8,94774,35468,3448.4,2821.6,3135,3012.68573361904,09:16:11,500
IF1509,3005.8,1,3007,1,3050,3050,2998.2,3005.8,94706,35644,3448.4,2821.6,3135,3012.65173942319,09:16:12,0
IF1509,3009.2,66,3009.8,1,3050,3050,2998.2,3009.2,94730,35790,3448.4,2821.6,3135,3012.63186923722,09:16:12,500
IF1509,3011.6,15,3011.8,16,3050,3050,2998.2,3011.6,94681,35972,3448.4,2821.6,3135,3012.62006560658,09:16:13,0
IF1509,3012.6,1,3013.4,16,3050,3050,2998.2,3013.4,94721,36209,3448.4,2821.6,3135,3012.61774696899,09:16:13,500
IF1509,3013.4,13,3014.8,2,3050,3050,2998.2,3013.4,94699,36359,3448.4,2821.6,3135,3012.617662752,09:16:14,0
IF1509,3012.8,1,3014.2,7,3050,3050,2998.2,3014,94700,36482,3448.4,2821.6,3135,3012.62032783291,09:16:14,500
IF1509,3010,1,3010.8,48,3050,3050,2998.2,3010.8,94691,36574,3448.4,2821.6,3135,3012.61875102532,09:16:15,0
IF1509,3007.2,3,3009,14,3050,3050,2998.2,3009,94638,36721,3448.4,2821.6,3135,3012.60227662646,09:16:15,500
IF1509,3007.8,5,3008.4,6,3050,3050,2998.2,3008.4,94648,36825,3448.4,2821.6,3135,3012.58728038018,09:16:16,0
IF1509,3006,3,3007,3,3050,3050,2998.2,3007.8,94661,36901,3448.4,2821.6,3135,3012.57624996613,09:16:16,500
IF1509,3007.2,2,3007.8,19,3050,3050,2998.2,3007.2,94666,36989,3448.4,2821.6,3135,3012.56263213388,09:16:17,0
IF1509,3009.2,3,3010,18,3050,3050,2998.2,3010,94641,37093,3448.4,2821.6,3135,3012.5514517564,09:16:17,500
IF1509,3007,39,3007.2,1,3050,3050,2998.2,3009.2,94661,37189,3448.4,2821.6,3135,3012.54243459088,09:16:18,0
IF1509,3007.4,6,3008.4,4,3050,3050,2998.2,3007.8,94699,37327,3448.4,2821.6,3135,3012.52458542074,09:16:18,500
IF1509,3007.6,2,3007.8,6,3050,3050,2998.2,3008.2,94678,37424,3448.4,2821.6,3135,3012.51258550663,09:16:19,0
IF1509,3007.8,9,3009.2,72,3050,3050,2998.2,3007.8,94683,37473,3448.4,2821.6,3135,3012.50705307822,09:16:19,500
IF1509,3008.4,1,3008.8,5,3050,3050,2998.2,3008.8,94708,37565,3448.4,2821.6,3135,3012.49781977905,09:16:20,0
IF1509,3007.2,9,3007.4,39,3050,3050,2998.2,3007.4,94743,37696,3448.4,2821.6,3135,3012.48032682513,09:16:20,500
IF1509,3006,1,3006.6,12,3050,3050,2998.2,3006,94784,37764,3448.4,2821.6,3135,3012.46993962504,09:16:21,0
IF1509,3004.8,1,3006,5,3050,3050,2998.2,3005,94797,37857,3448.4,2821.6,3135,3012.45340623927,09:16:21,500
IF1509,3004.6,1,3004.8,11,3050,3050,2998.2,3004.6,94821,37914,3448.4,2821.6,3135,3012.44180513795,09:16:22,0
IF1509,3003.6,4,3004,6,3050,3050,2998.2,3004,94819,37963,3448.4,2821.6,3135,3012.43119353054,09:16:22,500
IF1509,3003.2,3,3003.4,4,3050,3050,2998.2,3003.4,94816,38062,3448.4,2821.6,3135,3012.4077242394,09:16:23,0
IF1509,3002.2,9,3003.2,5,3050,3050,2998.2,3002.2,94808,38142,3448.4,2821.6,3135,3012.38734203765,09:16:23,500
IF1509,3001.4,20,3001.6,2,3050,3050,2998.2,3001.8,94794,38209,3448.4,2821.6,3135,3012.36946269204,09:16:24,0
IF1509,3001,101,3001.4,1,3050,3050,2998.2,3001.4,94798,38308,3448.4,2821.6,3135,3012.34133862379,09:16:24,500
IF1509,3001.2,8,3001.8,11,3050,3050,2998.2,3001.8,94836,38482,3448.4,2821.6,3135,3012.29119588379,09:16:25,0
IF1509,3000.4,6,3001,1,3050,3050,2998.2,3001,94814,38598,3448.4,2821.6,3135,3012.25754702316,09:16:25,500
IF1509,3001,1,3001.2,12,3050,3050,2998.2,3000.4,94817,38725,3448.4,2821.6,3135,3012.21963589413,09:16:26,0
IF1509,3001,3,3001.4,1,3050,3050,2998.2,3001.2,94851,38914,3448.4,2821.6,3135,3012.16444981241,09:16:26,500
IF1509,3002,12,3002.6,1,3050,3050,2998.2,3002,94880,39030,3448.4,2821.6,3135,3012.13287727389,09:16:27,0
IF1509,3002.6,3,3003.2,37,3050,3050,2998.2,3002.6,94862,39138,3448.4,2821.6,3135,3012.10635188308,09:16:27,500
IF1509,2999.8,3,3001,3,3050,3050,2998.2,3002.4,94849,39293,3448.4,2821.6,3135,3012.06558929071,09:16:28,0
IF1509,3000,3,3000.6,13,3050,3050,2998.2,3000,94872,39393,3448.4,2821.6,3135,3012.03417866118,09:16:28,500
IF1509,2997.2,26,2998.6,2,3050,3050,2997.2,2999.6,94894,39512,3448.4,2821.6,3135,3011.99565195384,09:16:29,0
IF1509,2997.6,2,2998.2,1,3050,3050,2997,2997.8,94950,39717,3448.4,2821.6,3135,3011.92170103482,09:16:29,500
IF1509,2995,24,2996,9,3050,3050,2995,2996,94980,39878,3448.4,2821.6,3135,3011.85848838959,09:16:30,0
IF1509,2993.2,10,2995,53,3050,3050,2993.2,2995,94947,40020,3448.4,2821.6,3135,3011.79648675662,09:16:30,500
IF1509,2993.8,6,2994.4,1,3050,3050,2993,2993.8,94952,40226,3448.4,2821.6,3135,3011.70517078507,09:16:31,0
IF1509,2994,5,2994.2,2,3050,3050,2993,2994,94959,40433,3448.4,2821.6,3135,3011.61664481983,09:16:31,500
IF1509,2994.6,6,2995,44,3050,3050,2993,2994.6,94999,40631,3448.4,2821.6,3135,3011.53497575743,09:16:32,0
IF1509,2996,5,2997.2,38,3050,3050,2993,2995.2,95017,40862,3448.4,2821.6,3135,3011.44457442122,09:16:32,500
IF1509,2997.8,11,2999.6,1,3050,3050,2993,2997.6,95084,41103,3448.4,2821.6,3135,3011.36313164489,09:16:33,0
IF1509,2998.6,3,2998.8,2,3050,3050,2993,2998.4,95111,41272,3448.4,2821.6,3135,3011.31226497383,09:16:33,500
IF1509,2998.8,18,2999.4,3,3050,3050,2993,2998.8,95114,41526,3448.4,2821.6,3135,3011.23867938159,09:16:34,0
IF1509,2999.4,1,3000.8,6,3050,3050,2993,3000.8,95125,41628,3448.4,2821.6,3135,3011.20972422408,09:16:34,500
IF1509,2999.6,2,3000.4,9,3050,3050,2993,3000,95116,41848,3448.4,2821.6,3135,3011.14834639648,09:16:35,0
IF1509,2998.4,2,2998.6,1,3050,3050,2993,2998.4,95077,42028,3448.4,2821.6,3135,3011.09653088417,09:16:35,500
IF1509,2995,61,2995.2,14,3050,3050,2993,2995.2,95037,42162,3448.4,2821.6,3135,3011.05228404725,09:16:36,0
IF1509,2994.6,3,2995,10,3050,3050,2993,2995,95089,42387,3448.4,2821.6,3135,3010.97100054262,09:16:36,500
IF1509,2994.2,55,2996.2,3,3050,3050,2993,2994.8,95124,42553,3448.4,2821.6,3135,3010.90766338449,09:16:37,0
IF1509,2996.2,1,2996.4,2,3050,3050,2993,2996.2,95135,42631,3448.4,2821.6,3135,3010.88155098403,09:16:37,500
IF1509,2997.4,1,2998.4,19,3050,3050,2993,2997.4,95139,42772,3448.4,2821.6,3135,3010.83947442252,09:16:38,0
IF1509,2998.4,1,2999.4,1,3050,3050,2993,2998.4,95125,42893,3448.4,2821.6,3135,3010.8040799198,09:16:38,500
IF1509,2998.6,2,2999.2,3,3050,3050,2993,2998.6,95118,42994,3448.4,2821.6,3135,3010.77622458948,09:16:39,0
IF1509,2999.2,1,2999.6,82,3050,3050,2993,2999.2,95137,43163,3448.4,2821.6,3135,3010.72592729884,09:16:39,500
IF1509,2998.4,1,2998.6,3,3050,3050,2993,2998.6,95177,43365,3448.4,2821.6,3135,3010.66036204312,09:16:40,0
IF1509,2996.4,1,2997.8,22,3050,3050,2993,2997.8,95209,43436,3448.4,2821.6,3135,3010.63851643798,09:16:40,500
IF1509,2995.2,12,2995.8,1,3050,3050,2993,2995.8,95225,43515,3448.4,2821.6,3135,3010.61289210617,09:16:41,0
IF1509,2995,3,2995.4,1,3050,3050,2993,2995.4,95226,43684,3448.4,2821.6,3135,3010.55421206849,09:16:41,500
IF1509,2994.2,30,2994.8,4,3050,3050,2993,2994.6,95310,43874,3448.4,2821.6,3135,3010.49116561061,09:16:42,0
IF1509,2994.4,1,2995.2,2,3050,3050,2993,2994.4,95338,43990,3448.4,2821.6,3135,3010.44976585588,09:16:42,500
IF1509,2993.8,1,2994.2,1,3050,3050,2993,2993.8,95364,44069,3448.4,2821.6,3135,3010.42143456852,09:16:43,0
IF1509,2991.2,22,2993.4,4,3050,3050,2991.2,2993.2,95355,44145,3448.4,2821.6,3135,3010.39066711972,09:16:43,500
IF1509,2992.2,2,2992.8,2,3050,3050,2991.2,2992.6,95368,44363,3448.4,2821.6,3135,3010.30479002773,09:16:44,0
IF1509,2993,35,2993.8,58,3050,3050,2991.2,2993,95389,44491,3448.4,2821.6,3135,3010.25461778787,09:16:44,500
IF1509,2993,67,2993.2,1,3050,3050,2991.2,2993,95418,44651,3448.4,2821.6,3135,3010.1940471658,09:16:45,0
IF1509,2993.6,2,2994.4,21,3050,3050,2991.2,2993.8,95446,44804,3448.4,2821.6,3135,3010.13806356575,09:16:45,500
IF1509,2994,1,2994.2,6,3050,3050,2991.2,2994.2,95525,45017,3448.4,2821.6,3135,3010.06281626941,09:16:46,0
IF1509,2995,3,2995.2,23,3050,3050,2991.2,2995.2,95542,45085,3448.4,2821.6,3135,3010.03937895087,09:16:46,500
IF1509,2995.2,1,2996.2,2,3050,3050,2991.2,2995.2,95553,45193,3448.4,2821.6,3135,3010.00385457925,09:16:47,0
IF1509,2995.4,11,2996,2,3050,3050,2991.2,2995.6,95552,45293,3448.4,2821.6,3135,3009.97299803502,09:16:47,500
IF1509,2995.8,32,2996,2,3050,3050,2991.2,2995.8,95550,45378,3448.4,2821.6,3135,3009.94640133986,09:16:48,0
IF1509,2996,3,2996.8,2,3050,3050,2991.2,2996,95687,45576,3448.4,2821.6,3135,3009.88461909777,09:16:48,500
IF1509,2996.4,1,2997.2,4,3050,3050,2991.2,2996.4,95701,45630,3448.4,2821.6,3135,3009.86877054569,09:16:49,0
IF1509,2997,4,2998.6,4,3050,3050,2991.2,2998.2,95721,45703,3448.4,2821.6,3135,3009.84937531453,09:16:49,500
IF1509,2997.4,16,2998,8,3050,3050,2991.2,2998,95735,45752,3448.4,2821.6,3135,3009.83646179402,09:16:50,0
IF1509,2998.4,14,2999,3,3050,3050,2991.2,2998.4,95720,45805,3448.4,2821.6,3135,3009.82272677655,09:16:50,500
IF1509,2998.6,18,2999.2,8,3050,3050,2991.2,2998.6,95722,45864,3448.4,2821.6,3135,3009.80842926914,09:16:51,0
IF1509,2999.2,6,2999.4,6,3050,3050,2991.2,2999.2,95735,45949,3448.4,2821.6,3135,3009.78811290779,09:16:51,500
IF1509,2999.4,9,2999.6,62,3050,3050,2991.2,2999.4,95779,46047,3448.4,2821.6,3135,3009.76565682889,09:16:52,0
IF1509,2999.4,1,2999.6,17,3050,3050,2991.2,2999.6,95819,46146,3448.4,2821.6,3135,3009.74362241581,09:16:52,500
IF1509,2999.6,5,2999.8,7,3050,3050,2991.2,2999.6,95816,46250,3448.4,2821.6,3135,3009.7200345946,09:16:53,0
IF1509,2999.8,9,3000,42,3050,3050,2991.2,2999.8,95816,46287,3448.4,2821.6,3135,3009.71200553071,09:16:53,500
IF1509,2998.8,12,2999.8,2,3050,3050,2991.2,2998.8,95805,46356,3448.4,2821.6,3135,3009.69693243593,09:16:54,0
IF1509,2999.8,55,3000,31,3050,3050,2991.2,2999.8,95841,46427,3448.4,2821.6,3135,3009.68132767571,09:16:54,500
IF1509,3000,1,3000.6,4,3050,3050,2991.2,2999.8,95886,46503,3448.4,2821.6,3135,3009.66546674408,09:16:55,0
IF1509,3000.6,1,3001.2,4,3050,3050,2991.2,3000.6,95898,46572,3448.4,2821.6,3135,3009.6521772739,09:16:55,500
IF1509,2999.8,34,3000,1,3050,3050,2991.2,2999.8,95959,46708,3448.4,2821.6,3135,3009.62653935086,09:16:56,0
IF1509,3001,5,3002,3,3050,3050,2991.2,3002,95976,46748,3448.4,2821.6,3135,3009.6190211346,09:16:56,500
IF1509,3000,1,3000.6,1,3050,3050,2991.2,2999.8,95994,46867,3448.4,2821.6,3135,3009.59562165276,09:16:57,0
IF1509,2999,3,3000,10,3050,3050,2991.2,3000,95970,46961,3448.4,2821.6,3135,3009.5758139733,09:16:57,500
IF1509,2998.8,19,2999,2,3050,3050,2991.2,2999.2,95964,47042,3448.4,2821.6,3135,3009.55786318609,09:16:58,0
IF1509,2999,7,2999.8,1,3050,3050,2991.2,2999,95954,47129,3448.4,2821.6,3135,3009.53878928049,09:16:58,500
IF1509,2999.2,3,3000.2,3,3050,3050,2991.2,3000,95937,47219,3448.4,2821.6,3135,3009.51994747877,09:16:59,0
IF1509,3000.2,3,3001,9,3050,3050,2991.2,3000,95986,47329,3448.4,2821.6,3135,3009.49655813561,09:16:59,500
IF1509,3000.4,2,3000.8,1,3050,3050,2991.2,3000.8,96004,47439,3448.4,2821.6,3135,3009.47605978204,09:17:00,0
IF1509,3001.2,6,3002,1,3050,3050,2991.2,3002,96023,47508,3448.4,2821.6,3135,3009.46464595437,09:17:00,500
IF1509,3002,11,3003,3,3050,3050,2991.2,3002,96037,47615,3448.4,2821.6,3135,3009.44801008086,09:17:01,0
IF1509,3002.6,6,3003,2,3050,3050,2991.2,3003,96042,47673,3448.4,2821.6,3135,3009.44030793112,09:17:01,500
IF1509,3003,3,3004.8,25,3050,3050,2991.2,3003,96023,47772,3448.4,2821.6,3135,3009.42742192079,09:17:02,0
IF1509,3003.2,3,3003.6,1,3050,3050,2991.2,3003.2,96023,47877,3448.4,2821.6,3135,3009.41453307434,09:17:02,500
IF1509,3002,50,3003,25,3050,3050,2991.2,3002.8,96018,47912,3448.4,2821.6,3135,3009.40964267824,09:17:03,0
IF1509,3001,9,3001.4,14,3050,3050,2991.2,3001.4,96006,48024,3448.4,2821.6,3135,3009.39221639181,09:17:03,500
IF1509,3001,1,3002.4,2,3050,3050,2991.2,3002.4,96066,48268,3448.4,2821.6,3135,3009.34698765228,09:17:04,0
IF1509,2999.2,9,3001.4,5,3050,3050,2991.2,3001.4,96072,48358,3448.4,2821.6,3135,3009.3311716779,09:17:04,500
IF1509,3000.2,1,3000.8,5,3050,3050,2991.2,3000.8,96057,48424,3448.4,2821.6,3135,3009.31894515117,09:17:05,0
IF1509,3000.8,1,3001,1,3050,3050,2991.2,3000.8,96091,48503,3448.4,2821.6,3135,3009.30502855494,09:17:05,500
IF1509,2999.4,2,3002,3,3050,3050,2991.2,3001,96117,48590,3448.4,2821.6,3135,3009.29009672772,09:17:06,0
IF1509,3000.6,1,3001.2,1,3050,3050,2991.2,3001.2,96102,48701,3448.4,2821.6,3135,3009.2715426788,09:17:06,500
IF1509,3001.2,4,3002,18,3050,3050,2991.2,3001.4,96117,48732,3448.4,2821.6,3135,3009.26674874826,09:17:07,0
IF1509,3001.4,2,3002,7,3050,3050,2991.2,3001.6,96158,48809,3448.4,2821.6,3135,3009.25393267635,09:17:07,500
IF1509,3000.6,1,3000.8,11,3050,3050,2991.2,3000.8,96195,48865,3448.4,2821.6,3135,3009.24422797503,09:17:08,0
IF1509,3001.2,1,3002.4,5,3050,3050,2991.2,3001.4,96219,48932,3448.4,2821.6,3135,3009.23305403417,09:17:08,500
IF1509,3002.4,8,3002.8,1,3050,3050,2991.2,3002.6,96215,48981,3448.4,2821.6,3135,3009.22582225761,09:17:09,0
IF1509,3002.8,3,3003,11,3050,3050,2991.2,3002.8,96193,49104,3448.4,2821.6,3135,3009.20973851418,09:17:09,500
IF1509,3003.8,2,3004,7,3050,3050,2991.2,3003.2,96201,49190,3448.4,2821.6,3135,3009.19888188656,09:17:10,0
IF1509,3004,4,3004.8,14,3050,3050,2991.2,3004,96205,49241,3448.4,2821.6,3135,3009.19370037164,09:17:10,500
IF1509,3005.2,1,3008.6,1,3050,3050,2991.2,3008.8,96243,49365,3448.4,2821.6,3135,3009.18476248354,09:17:11,0
IF1509,3008.6,28,3008.8,2,3050,3050,2991.2,3008.6,96192,49503,3448.4,2821.6,3135,3009.18433630285,09:17:11,500
IF1509,3009.2,2,3009.8,6,3050,3050,2991.2,3008.8,96186,49608,3448.4,2821.6,3135,3009.18441783583,09:17:12,0
IF1509,3009.8,27,3010.8,4,3050,3050,2991.2,3009.8,96166,49727,3448.4,2821.6,3135,3009.1862086995,09:17:12,500
IF1509,3010.8,13,3011.6,16,3050,3050,2991.2,3010.8,96156,49782,3448.4,2821.6,3135,3009.18812823912,09:17:13,0
IF1509,3010.8,11,3011.4,4,3050,3050,2991.2,3011.4,96129,49933,3448.4,2821.6,3135,3009.19322692408,09:17:13,500
IF1509,3008.8,43,3009.6,8,3050,3050,2991.2,3008.8,96108,50127,3448.4,2821.6,3135,3009.19594629641,09:17:14,0
IF1509,3004.8,18,3007.4,3,3050,3050,2991.2,3004.8,96080,50354,3448.4,2821.6,3135,3009.19181792906,09:17:14,500
IF1509,3003.4,1,3005.2,2,3050,3050,2991.2,3004.8,96094,50518,3448.4,2821.6,3135,3009.17921928818,09:17:15,0
IF1509,3005.4,4,3006.8,2,3050,3050,2991.2,3005.4,96125,50620,3448.4,2821.6,3135,3009.17177400237,09:17:15,500
IF1509,3008.8,26,3010.2,1,3050,3050,2991.2,3008.8,96093,50758,3448.4,2821.6,3135,3009.16959297057,09:17:16,0
IF1509,3007.6,6,3008.2,2,3050,3050,2991.2,3007.6,96134,50925,3448.4,2821.6,3135,3009.1732862052,09:17:16,500
IF1509,3010.2,4,3010.6,9,3050,3050,2991.2,3010.2,96137,50967,3448.4,2821.6,3135,3009.1735397414,09:17:17,0
IF1509,3009,3,3010.4,1,3050,3050,2991.2,3010.4,96146,51095,3448.4,2821.6,3135,3009.1747959683,09:17:17,500
IF1509,3009.8,1,3010.2,13,3050,3050,2991.2,3010.2,96146,51201,3448.4,2821.6,3135,3009.17565281928,09:17:18,0
IF1509,3008.8,4,3010,7,3050,3050,2991.2,3008.8,96193,51323,3448.4,2821.6,3135,3009.17722658457,09:17:18,500
IF1509,3008.2,6,3008.6,1,3050,3050,2991.2,3009,96218,51392,3448.4,2821.6,3135,3009.17663060399,09:17:19,0
IF1509,3008.6,1,3009.4,4,3050,3050,2991.2,3008.6,96270,51517,3448.4,2821.6,3135,3009.17471126036,09:17:19,500
IF1509,3008.6,33,3008.8,2,3050,3050,2991.2,3008.6,96269,51572,3448.4,2821.6,3135,3009.17457922904,09:17:20,0
IF1509,3009.4,2,3010.2,17,3050,3050,2991.2,3008.8,96307,51661,3448.4,2821.6,3135,3009.17544375835,09:17:20,500
IF1509,3010.2,2,3010.6,8,3050,3050,2991.2,3009.8,96303,51807,3448.4,2821.6,3135,3009.1777365993,09:17:21,0
IF1509,3010.6,6,3011.2,1,3050,3050,2991.2,3011.2,96314,51876,3448.4,2821.6,3135,3009.17973629424,09:17:21,500
IF1509,3010.8,2,3011.4,2,3050,3050,2991.2,3010.6,96310,51958,3448.4,2821.6,3135,3009.18243196428,09:17:22,0
IF1509,3011.6,2,3012,13,3050,3050,2991.2,3011.4,96316,52019,3448.4,2821.6,3135,3009.18473634634,09:17:22,500
IF1509,3010.6,3,3011.2,1,3050,3050,2991.2,3010.8,96334,52129,3448.4,2821.6,3135,3009.18889677531,09:17:23,0
IF1509,3011.2,48,3011.8,2,3050,3050,2991.2,3011.2,96323,52187,3448.4,2821.6,3135,3009.19093260774,09:17:23,500
IF1509,3011.4,9,3012.8,47,3050,3050,2991.2,3012,96329,52294,3448.4,2821.6,3135,3009.19631697709,09:17:24,0
IF1509,3011.8,12,3012.2,4,3050,3050,2991.2,3012.2,96338,52364,3448.4,2821.6,3135,3009.20018333206,09:17:24,500
IF1509,3011.8,1,3012.6,2,3050,3050,2991.2,3011.8,96334,52439,3448.4,2821.6,3135,3009.20439367646,09:17:25,0
IF1509,3011.4,10,3011.8,4,3050,3050,2991.2,3011.8,96327,52523,3448.4,2821.6,3135,3009.20899415494,09:17:25,500
IF1509,3011.2,24,3012.8,31,3050,3050,2991.2,3011.2,96329,52650,3448.4,2821.6,3135,3009.21491358025,09:17:26,0
IF1509,3011.8,14,3012,1,3050,3050,2991.2,3012.2,96336,52719,3448.4,2821.6,3135,3009.21853601169,09:17:26,500
IF1509,3012,29,3012.8,13,3050,3050,2991.2,3012.6,96348,52780,3448.4,2821.6,3135,3009.22215611974,09:17:27,0
IF1509,3012.6,2,3012.8,2,3050,3050,2991.2,3012.6,96356,52899,3448.4,2821.6,3135,3009.22930868258,09:17:27,500
IF1509,3011.6,2,3012.6,15,3050,3050,2991.2,3012.6,96353,53010,3448.4,2821.6,3135,3009.23581211092,09:17:28,0
IF1509,3012.8,6,3013,20,3050,3050,2991.2,3012.8,96336,53091,3448.4,2821.6,3135,3009.2405643141,09:17:28,500
IF1509,3012,1,3012.4,2,3050,3050,2991.2,3012.4,96362,53177,3448.4,2821.6,3135,3009.24580927845,09:17:29,0
IF1509,3012.6,17,3013.4,5,3050,3050,2991.2,3012.6,96309,53326,3448.4,2821.6,3135,3009.25339234145,09:17:29,500
IF1509,3012.8,2,3013.6,8,3050,3050,2991.2,3013.4,96298,53404,3448.4,2821.6,3135,3009.25923900832,09:17:30,0
IF1509,3014,1,3014.2,2,3050,3050,2991.2,3014,96273,53524,3448.4,2821.6,3135,3009.26946790225,09:17:30,500
IF1509,3014.4,3,3015.6,21,3050,3050,2991.2,3014.4,96268,53628,3448.4,2821.6,3135,3009.28012605356,09:17:31,0
IF1509,3014.8,5,3015,9,3050,3050,2991.2,3015,96262,53692,3448.4,2821.6,3135,3009.28741339492,09:17:31,500
IF1509,3014.2,33,3015.2,2,3050,3050,2991.2,3014.8,96272,53765,3448.4,2821.6,3135,3009.29517343997,09:17:32,0
IF1509,3015.2,5,3016,22,3050,3050,2991.2,3015.2,96278,53860,3448.4,2821.6,3135,3009.30578536948,09:17:32,500
IF1509,3014.2,34,3014.8,3,3050,3050,2991.2,3014.8,96259,53962,3448.4,2821.6,3135,3009.31740854676,09:17:33,0
IF1509,3015.6,2,3016.2,4,3050,3050,2991.2,3015.6,96269,54032,3448.4,2821.6,3135,3009.32524429968,09:17:33,500
IF1509,3016.2,4,3016.8,2,3050,3050,2991.2,3016.6,96228,54145,3448.4,2821.6,3135,3009.33968418137,09:17:34,0
IF1509,3015,1,3016.2,2,3050,3050,2991.2,3015,96161,54303,3448.4,2821.6,3135,3009.3599027678,09:17:34,500
IF1509,3016.8,14,3017.6,1,3050,3050,2991.2,3016.8,96129,54415,3448.4,2821.6,3135,3009.37332353212,09:17:35,0
IF1509,3016.8,2,3017.8,5,3050,3050,2991.2,3017.2,96104,54489,3448.4,2821.6,3135,3009.38393804254,09:17:35,500
IF1509,3016.2,29,3016.8,3,3050,3050,2991.2,3016.2,96080,54598,3448.4,2821.6,3135,3009.40016850434,09:17:36,0
IF1509,3017.8,10,3018.2,1,3050,3050,2991.2,3017.8,96072,54704,3448.4,2821.6,3135,3009.41354197134,09:17:36,500
IF1509,3016.2,1,3017,9,3050,3050,2991.2,3016.8,96072,54827,3448.4,2821.6,3135,3009.43111240812,09:17:37,0
IF1509,3014.8,33,3016.2,8,3050,3050,2991.2,3014.8,96078,54927,3448.4,2821.6,3135,3009.4426238462,09:17:37,500
IF1509,3016.2,3,3016.8,1,3050,3050,2991.2,3016.2,96076,55033,3448.4,2821.6,3135,3009.45543582941,09:17:38,0
IF1509,3015.8,12,3016.2,11,3050,3050,2991.2,3016.2,96049,55142,3448.4,2821.6,3135,3009.46958398317,09:17:38,500
IF1509,3015.2,1,3015.4,2,3050,3050,2991.2,3015.6,96057,55217,3448.4,2821.6,3135,3009.47841787855,09:17:39,0
IF1509,3014.8,18,3015.4,4,3050,3050,2991.2,3015,96056,55316,3448.4,2821.6,3135,3009.48917492227,09:17:39,500
IF1509,3014.8,7,3015.2,3,3050,3050,2991.2,3015,96053,55380,3448.4,2821.6,3135,3009.49570964247,09:17:40,0
IF1509,3014.2,35,3014.8,2,3050,3050,2991.2,3014.8,96048,55435,3448.4,2821.6,3135,3009.50094705511,09:17:40,500
IF1509,3013.6,14,3014.2,108,3050,3050,2991.2,3014.2,96075,55508,3448.4,2821.6,3135,3009.5070656482,09:17:41,0
IF1509,3012.6,21,3013.2,4,3050,3050,2991.2,3013,96077,55562,3448.4,2821.6,3135,3009.51051797992,09:17:41,500
IF1509,3012.4,20,3012.6,24,3050,3050,2991.2,3012.4,96095,55646,3448.4,2821.6,3135,3009.51526075549,09:17:42,0
IF1509,3012.6,5,3013.6,24,3050,3050,2991.2,3012.6,96139,55838,3448.4,2821.6,3135,3009.52576023497,09:17:42,500
IF1509,3013.4,2,3014.2,107,3050,3050,2991.2,3014.2,96151,55920,3448.4,2821.6,3135,3009.53151645208,09:17:43,0
IF1509,3013.8,1,3014.2,23,3050,3050,2991.2,3013.6,96095,56084,3448.4,2821.6,3135,3009.54456529492,09:17:43,500
IF1509,3014.6,1,3015,3,3050,3050,2991.2,3014.8,96098,56209,3448.4,2821.6,3135,3009.55605685922,09:17:44,0
IF1509,3015.2,2,3015.4,2,3050,3050,2991.2,3015.4,96090,56325,3448.4,2821.6,3135,3009.56750643586,09:17:44,500
IF1509,3015.4,48,3016,4,3050,3050,2991.2,3015.8,96100,56384,3448.4,2821.6,3135,3009.57392877412,09:17:45,0
IF1509,3015.6,5,3016,7,3050,3050,2991.2,3016.2,96102,56424,3448.4,2821.6,3135,3009.57845597618,09:17:45,500
IF1509,3016,13,3016.2,17,3050,3050,2991.2,3016,96104,56472,3448.4,2821.6,3135,3009.58387165321,09:17:46,0
IF1509,3015.4,109,3016,13,3050,3050,2991.2,3016,96109,56530,3448.4,2821.6,3135,3009.59022465947,09:17:46,500
IF1509,3015.4,62,3016,3,3050,3050,2991.2,3016,96084,56649,3448.4,2821.6,3135,3009.60276086074,09:17:47,0
IF1509,3015.4,1,3016.2,1,3050,3050,2991.2,3015.4,96046,56749,3448.4,2821.6,3135,3009.61341345222,09:17:47,500
IF1509,3016.2,1,3016.8,7,3050,3050,2991.2,3016.2,96050,56808,3448.4,2821.6,3135,3009.61985987889,09:17:48,0
IF1509,3015.2,2,3016,9,3050,3050,2991.2,3015.4,96056,56844,3448.4,2821.6,3135,3009.6238723524,09:17:48,500
IF1509,3016,1,3016.2,1,3050,3050,2991.2,3016,96051,56896,3448.4,2821.6,3135,3009.62943967942,09:17:49,0
IF1509,3014.8,3,3015.2,2,3050,3050,2991.2,3015.2,96045,56946,3448.4,2821.6,3135,3009.63484002388,09:17:49,500
IF1509,3015.2,3,3015.6,3,3050,3050,2991.2,3015,96042,56996,3448.4,2821.6,3135,3009.63967295951,09:17:50,0
IF1509,3015,15,3015.2,5,3050,3050,2991.2,3015.2,96040,57018,3448.4,2821.6,3135,3009.64182889614,09:17:50,500
IF1509,3015,39,3015.2,9,3050,3050,2991.2,3015,96056,57070,3448.4,2821.6,3135,3009.64701244086,09:17:51,0
IF1509,3015,37,3015.8,4,3050,3050,2991.2,3015,96057,57129,3448.4,2821.6,3135,3009.65285581754,09:17:51,500
IF1509,3015,31,3015.2,4,3050,3050,2991.2,3015,96063,57157,3448.4,2821.6,3135,3009.65563623003,09:17:52,0
IF1509,3015,26,3015.2,1,3050,3050,2991.2,3015.2,96063,57215,3448.4,2821.6,3135,3009.66116228262,09:17:52,500
IF1509,3015.2,5,3015.8,1,3050,3050,2991.2,3015.2,96085,57254,3448.4,2821.6,3135,3009.66491074859,09:17:53,0
IF1509,3015.6,1,3016,3,3050,3050,2991.2,3015.8,96079,57285,3448.4,2821.6,3135,3009.66809461465,09:17:53,500
IF1509,3015.2,8,3016.2,15,3050,3050,2991.2,3016.2,96084,57306,3448.4,2821.6,3135,3009.67030328412,09:17:54,0
IF1509,3015,12,3015.2,18,3050,3050,2991.2,3015,96083,57370,3448.4,2821.6,3135,3009.67662541398,09:17:54,500
IF1509,3014.2,9,3014.8,2,3050,3050,2991.2,3015,96099,57438,3448.4,2821.6,3135,3009.68296946273,09:17:55,0
IF1509,3014.8,3,3015,8,3050,3050,2991.2,3014.8,96111,57501,3448.4,2821.6,3135,3009.68820368342,09:17:55,500
IF1509,3013.6,8,3013.8,1,3050,3050,2991.2,3014.4,96115,57527,3448.4,2821.6,3135,3009.69032280494,09:17:56,0
IF1509,3012.6,5,3013.6,48,3050,3050,2991.2,3012.8,96120,57568,3448.4,2821.6,3135,3009.69301347971,09:17:56,500
IF1509,3012.2,5,3012.6,2,3050,3050,2991.2,3012.6,96108,57610,3448.4,2821.6,3135,3009.69509807325,09:17:57,0
IF1509,3011.8,2,3012.6,1,3050,3050,2991.2,3012.2,96104,57643,3448.4,2821.6,3135,3009.69651475461,09:17:57,500
IF1509,3011.2,16,3011.6,1,3050,3050,2991.2,3011.6,96125,57730,3448.4,2821.6,3135,3009.70113285987,09:17:58,0
IF1509,3011.6,3,3011.8,15,3050,3050,2991.2,3011.6,96118,57764,3448.4,2821.6,3135,3009.7022955474,09:17:58,500
IF1509,3011.8,6,3013.4,1,3050,3050,2991.2,3011.8,96141,57861,3448.4,2821.6,3135,3009.70605762085,09:17:59,0
IF1509,3012,14,3012.2,4,3050,3050,2991.2,3012.2,96149,57927,3448.4,2821.6,3135,3009.70903033128,09:17:59,500
IF1509,3012,8,3012.6,1,3050,3050,2991.2,3012,96154,57973,3448.4,2821.6,3135,3009.71116554258,09:18:00,0
IF1509,3012.8,1,3014,1,3050,3050,2991.2,3013,96164,58029,3448.4,2821.6,3135,3009.71493563563,09:18:00,500
IF1509,3013,3,3013.4,2,3050,3050,2991.2,3013,96183,58093,3448.4,2821.6,3135,3009.7190745873,09:18:01,0
IF1509,3014.2,3,3014.6,3,3050,3050,2991.2,3013.6,96187,58157,3448.4,2821.6,3135,3009.7232972815,09:18:01,500
IF1509,3013.6,3,3014,2,3050,3050,2991.2,3014,96200,58192,3448.4,2821.6,3135,3009.72592108881,09:18:02,0
IF1509,3014,16,3014.2,4,3050,3050,2991.2,3013.6,96233,58252,3448.4,2821.6,3135,3009.72982558539,09:18:02,500
IF1509,3012.6,5,3014.2,1,3050,3050,2991.2,3012.6,96272,58330,3448.4,2821.6,3135,3009.73566603806,09:18:03,0
IF1509,3012.4,2,3012.6,1,3050,3050,2991.2,3012.6,96277,58362,3448.4,2821.6,3135,3009.73758267366,09:18:03,500
IF1509,3010.2,8,3011.4,1,3050,3050,2991.2,3011.4,96304,58442,3448.4,2821.6,3135,3009.74010814141,09:18:04,0
IF1509,3010.4,1,3011,7,3050,3050,2991.2,3010.2,96316,58483,3448.4,2821.6,3135,3009.7408853855,09:18:04,500
IF1509,3011,6,3011.8,2,3050,3050,2991.2,3010.4,96320,58571,3448.4,2821.6,3135,3009.74223079681,09:18:05,0
IF1509,3011.2,3,3012.4,28,3050,3050,2991.2,3011.6,96296,58685,3448.4,2821.6,3135,3009.74623498339,09:18:05,500
IF1509,3011.8,3,3012,3,3050,3050,2991.2,3011.6,96310,58723,3448.4,2821.6,3135,3009.7474890588,09:18:06,0
IF1509,3011.6,1,3011.8,2,3050,3050,2991.2,3011.8,96336,58774,3448.4,2821.6,3135,3009.74909653929,09:18:06,500
IF1509,3010.6,3,3011.6,44,3050,3050,2991.2,3011.6,96345,58812,3448.4,2821.6,3135,3009.75015643066,09:18:07,0
IF1509,3009,13,3010,2,3050,3050,2991.2,3010,96358,58844,3448.4,2821.6,3135,3009.75057100129,09:18:07,500
IF1509,3008.2,3,3008.4,1,3050,3050,2991.2,3008.2,96358,58895,3448.4,2821.6,3135,3009.75000254691,09:18:08,0
IF1509,3006.8,27,3007.6,12,3050,3050,2991.2,3007.6,96381,58979,3448.4,2821.6,3135,3009.74741179064,09:18:08,500
IF1509,3007,3,3008,2,3050,3050,2991.2,3007.2,96372,59050,3448.4,2821.6,3135,3009.74455546147,09:18:09,0
IF1509,3008,2,3009,7,3050,3050,2991.2,3008,96410,59177,3448.4,2821.6,3135,3009.74140290992,09:18:09,500
IF1509,3008,3,3008.2,7,3050,3050,2991.2,3008,96408,59283,3448.4,2821.6,3135,3009.73929794376,09:18:10,0
IF1509,3008.4,6,3009.4,4,3050,3050,2991.2,3008.4,96407,59366,3448.4,2821.6,3135,3009.73796112253,09:18:10,500
IF1509,3008.2,12,3008.4,3,3050,3050,2991.2,3008.4,96417,59456,3448.4,2821.6,3135,3009.73648075888,09:18:11,0
IF1509,3008,8,3008.2,8,3050,3050,2991.2,3008.2,96432,59521,3448.4,2821.6,3135,3009.73492044825,09:18:11,500
IF1509,3007.8,20,3008.2,1,3050,3050,2991.2,3007.8,96448,59571,3448.4,2821.6,3135,3009.7335146296,09:18:12,0
IF1509,3007.6,4,3007.8,1,3050,3050,2991.2,3007.8,96451,59596,3448.4,2821.6,3135,3009.73277401168,09:18:12,500
IF1509,3007,1,3007.6,3,3050,3050,2991.2,3007.8,96448,59641,3448.4,2821.6,3135,3009.73102396003,09:18:13,0
IF1509,3006.8,10,3007.2,3,3050,3050,2991.2,3007.2,96467,59680,3448.4,2821.6,3135,3009.72922587131,09:18:13,500
IF1509,3007,2,3007.4,1,3050,3050,2991.2,3007,96478,59726,3448.4,2821.6,3135,3009.72708368215,09:18:14,0
IF1509,3006.4,4,3006.8,8,3050,3050,2991.2,3007.4,96486,59762,3448.4,2821.6,3135,3009.72549111476,09:18:14,500
IF1509,3006.8,9,3007.8,41,3050,3050,2991.2,3006.8,96499,59820,3448.4,2821.6,3135,3009.72267469074,09:18:15,0
IF1509,3006.6,1,3006.8,18,3050,3050,2991.2,3006.8,96505,59855,3448.4,2821.6,3135,3009.72106925069,09:18:15,500
IF1509,3006,4,3006.6,23,3050,3050,2991.2,3006.6,96482,59909,3448.4,2821.6,3135,3009.71816922332,09:18:16,0
IF1509,3005.6,2,3006,1,3050,3050,2991.2,3006.6,96472,59957,3448.4,2821.6,3135,3009.71543606251,09:18:16,500
IF1509,3006.2,2,3006.6,5,3050,3050,2991.2,3006.2,96510,60032,3448.4,2821.6,3135,3009.71125399787,09:18:17,0
IF1509,3005.2,13,3005.6,1,3050,3050,2991.2,3005.6,96511,60057,3448.4,2821.6,3135,3009.70971577002,09:18:17,500
IF1509,3005.6,25,3006,2,3050,3050,2991.2,3006,96511,60099,3448.4,2821.6,3135,3009.70698014942,09:18:18,0
IF1509,3006,2,3006.2,3,3050,3050,2991.2,3006.2,96523,60182,3448.4,2821.6,3135,3009.70159183809,09:18:18,500
IF1509,3005,14,3005.6,7,3050,3050,2991.2,3005.6,96561,60247,3448.4,2821.6,3135,3009.69713678689,09:18:19,0
IF1509,3005.6,34,3006,12,3050,3050,2991.2,3005.8,96591,60307,3448.4,2821.6,3135,3009.69294443431,09:18:19,500
IF1509,3005.6,13,3006,2,3050,3050,2991.2,3005.6,96603,60387,3448.4,2821.6,3135,3009.68782685015,09:18:20,0
IF1509,3003.6,1,3005.6,15,3050,3050,2991.2,3005.2,96642,60461,3448.4,2821.6,3135,3009.68209258861,09:18:20,500
IF1509,3004.4,1,3004.6,1,3050,3050,2991.2,3004.8,96634,60502,3448.4,2821.6,3135,3009.67834451754,09:18:21,0
IF1509,3003,5,3003.6,3,3050,3050,2991.2,3003.6,96628,60549,3448.4,2821.6,3135,3009.6739335084,09:18:21,500
IF1509,3003.2,1,3004,17,3050,3050,2991.2,3003.6,96622,60631,3448.4,2821.6,3135,3009.66529663044,09:18:22,0
IF1509,3003,1,3003.2,19,3050,3050,2991.2,3003.2,96652,60700,3448.4,2821.6,3135,3009.658,09:18:22,500
IF1509,3002,64,3003.2,24,3050,3050,2991.2,3003,96658,60744,3448.4,2821.6,3135,3009.65314105097,09:18:23,0
IF1509,3002,38,3002.2,1,3050,3050,2991.2,3002,96662,60826,3448.4,2821.6,3135,3009.64327425772,09:18:23,500
IF1509,3001.8,2,3002,2,3050,3050,2991.2,3002,96666,60908,3448.4,2821.6,3135,3009.63339791161,09:18:24,0
IF1509,3001.6,8,3002.4,5,3050,3050,2991.2,3002,96684,60974,3448.4,2821.6,3135,3009.6251779447,09:18:24,500
IF1509,3001.8,1,3002,2,3050,3050,2991.2,3002,96678,61047,3448.4,2821.6,3135,3009.61604665258,09:18:25,0
IF1509,3001.4,8,3002.2,1,3050,3050,2991.2,3002,96674,61098,3448.4,2821.6,3135,3009.60963697666,09:18:25,500
IF1509,3001.2,9,3001.4,5,3050,3050,2991.2,3001.4,96672,61130,3448.4,2821.6,3135,3009.60547358089,09:18:26,0
IF1509,3001,10,3001.2,4,3050,3050,2991.2,3001,96666,61184,3448.4,2821.6,3135,3009.59805504707,09:18:26,500
IF1509,3001.2,3,3001.4,1,3050,3050,2991.2,3001.2,96686,61260,3448.4,2821.6,3135,3009.58763956905,09:18:27,0
IF1509,3001.8,5,3002.6,2,3050,3050,2991.2,3001.8,96730,61341,3448.4,2821.6,3135,3009.57728110073,09:18:27,500
IF1509,3002.6,14,3003,12,3050,3050,2991.2,3003,96723,61397,3448.4,2821.6,3135,3009.57079010375,09:18:28,0
IF1509,3003.6,1,3004.4,6,3050,3050,2991.2,3003.6,96735,61494,3448.4,2821.6,3135,3009.56100757798,09:18:28,500
IF1509,3002.6,8,3003.2,97,3050,3050,2991.2,3003.2,96708,61661,3448.4,2821.6,3135,3009.5449279123,09:18:29,0
IF1509,3001.4,27,3001.6,4,3050,3050,2991.2,3002.6,96712,61769,3448.4,2821.6,3135,3009.53190111545,09:18:29,500
IF1509,3001.6,1,3002.2,3,3050,3050,2991.2,3001.6,96715,61874,3448.4,2821.6,3135,3009.51815948541,09:18:30,0
IF1509,3001.6,7,3002.6,42,3050,3050,2991.2,3001.6,96718,61952,3448.4,2821.6,3135,3009.50890043905,09:18:30,500
IF1509,3001.8,3,3002.2,2,3050,3050,2991.2,3001.6,96732,62099,3448.4,2821.6,3135,3009.49108037167,09:18:31,0
IF1509,3000.8,8,3001.2,2,3050,3050,2991.2,3001.6,96736,62200,3448.4,2821.6,3135,3009.4772733119,09:18:31,500
IF1509,3001.2,2,3001.6,3,3050,3050,2991.2,3001.2,96735,62247,3448.4,2821.6,3135,3009.47107169824,09:18:32,0
IF1509,3001.8,5,3002.6,1,3050,3050,2991.2,3001.8,96766,62326,3448.4,2821.6,3135,3009.46119436511,09:18:32,500
IF1509,3002.6,32,3003.6,15,3050,3050,2991.2,3002.6,96775,62379,3448.4,2821.6,3135,3009.45576235592,09:18:33,0
IF1509,3004.6,6,3005,8,3050,3050,2991.2,3003.8,96795,62426,3448.4,2821.6,3135,3009.45143690129,09:18:33,500
IF1509,3005,7,3005.6,8,3050,3050,2991.2,3005,96802,62570,3448.4,2821.6,3135,3009.43994885728,09:18:34,0
IF1509,3003.8,2,3004.4,6,3050,3050,2991.2,3003.8,96805,62625,3448.4,2821.6,3135,3009.43587704591,09:18:34,500
IF1509,3003.8,1,3004.4,1,3050,3050,2991.2,3004.6,96789,62691,3448.4,2821.6,3135,3009.42990540907,09:18:35,0
IF1509,3004.4,4,3004.6,1,3050,3050,2991.2,3004.6,96789,62717,3448.4,2821.6,3135,3009.42781383038,09:18:35,500
IF1509,3004.8,1,3005.4,6,3050,3050,2991.2,3004.6,96789,62756,3448.4,2821.6,3135,3009.4251067627,09:18:36,0
IF1509,3006.6,1,3006.8,16,3050,3050,2991.2,3006.6,96776,62827,3448.4,2821.6,3135,3009.42136342655,09:18:36,500
IF1509,3005.4,11,3006.4,3,3050,3050,2991.2,3006.6,96790,62898,3448.4,2821.6,3135,3009.41785112404,09:18:37,0
IF1509,3006.4,8,3007.4,1,3050,3050,2991.2,3007.2,96776,62955,3448.4,2821.6,3135,3009.41508379001,09:18:37,500
IF1509,3007.4,9,3007.8,12,3050,3050,2991.2,3007.4,96776,62989,3448.4,2821.6,3135,3009.41390401499,09:18:38,0
IF1509,3006.6,1,3007.2,2,3050,3050,2991.2,3006.6,96764,63049,3448.4,2821.6,3135,3009.41197164111,09:18:38,500
IF1509,3007.2,1,3007.4,2,3050,3050,2991.2,3007.4,96764,63086,3448.4,2821.6,3135,3009.41033509812,09:18:39,0
IF1509,3005.6,2,3006.4,24,3050,3050,2991.2,3006,96768,63114,3448.4,2821.6,3135,3009.40901543239,09:18:39,500
IF1509,3005,1,3005.6,46,3050,3050,2991.2,3005.6,96769,63169,3448.4,2821.6,3135,3009.40563884184,09:18:40,0
IF1509,3004.8,3,3005.2,11,3050,3050,2991.2,3005.2,96798,63216,3448.4,2821.6,3135,3009.4023664895,09:18:40,500
IF1509,3001.6,7,3005,2,3050,3050,2991.2,3001.6,96857,63352,3448.4,2821.6,3135,3009.38886538704,09:18:41,0
IF1509,3002,1,3003,2,3050,3050,2991.2,3002,96918,63477,3448.4,2821.6,3135,3009.37432770925,09:18:41,500
IF1509,3001.6,3,3002.8,2,3050,3050,2991.2,3002,96925,63534,3448.4,2821.6,3135,3009.36780936192,09:18:42,0
IF1509,3001.8,4,3002.4,12,3050,3050,2991.2,3001.8,96919,63601,3448.4,2821.6,3135,3009.36044401818,09:18:42,500
IF1509,3001,11,3002,7,3050,3050,2991.2,3001.8,96911,63639,3448.4,2821.6,3135,3009.35583211553,09:18:43,0
IF1509,3001.2,4,3001.4,1,3050,3050,2991.2,3001.2,96913,63674,3448.4,2821.6,3135,3009.35146841725,09:18:43,500
IF1509,3001.2,9,3001.8,4,3050,3050,2991.2,3001.4,96910,63703,3448.4,2821.6,3135,3009.3479365179,09:18:44,0
IF1509,3001,2,3001.2,1,3050,3050,2991.2,3001,96962,63799,3448.4,2821.6,3135,3009.3369833383,09:18:44,500
IF1509,3002.4,1,3003.4,9,3050,3050,2991.2,3001.6,96973,63835,3448.4,2821.6,3135,3009.33281428683,09:18:45,0
IF1509,3005.8,1,3006,2,3050,3050,2991.2,3005.4,97010,63925,3448.4,2821.6,3135,3009.32570668753,09:18:45,500
IF1509,3006,18,3006.2,1,3050,3050,2991.2,3006,97002,63999,3448.4,2821.6,3135,3009.32205815716,09:18:46,0
IF1509,3006,18,3007,2,3050,3050,2991.2,3007,97005,64056,3448.4,2821.6,3135,3009.31945485201,09:18:46,500
IF1509,3005.2,2,3005.4,1,3050,3050,2991.2,3005.6,97013,64096,3448.4,2821.6,3135,3009.3174394658,09:18:47,0
IF1509,3003.4,2,3004.4,7,3050,3050,2991.2,3004.8,96999,64138,3448.4,2821.6,3135,3009.31418815679,09:18:47,500
IF1509,3003,1,3003.4,41,3050,3050,2991.2,3003.4,96996,64180,3448.4,2821.6,3135,3009.31013711437,09:18:48,0
IF1509,3003,2,3003.2,9,3050,3050,2991.2,3003,96989,64234,3448.4,2821.6,3135,3009.30461749229,09:18:48,500
IF1509,3001.8,5,3002.8,7,3050,3050,2991.2,3002.6,96985,64277,3448.4,2821.6,3135,3009.30016335548,09:18:49,0
IF1509,3001.8,7,3002,2,3050,3050,2991.2,3002,96975,64316,3448.4,2821.6,3135,3009.29576155234,09:18:49,500
IF1509,3001.4,12,3001.8,6,3050,3050,2991.2,3001.8,96979,64368,3448.4,2821.6,3135,3009.28976820781,09:18:50,0
IF1509,3001.8,9,3002.6,1,3050,3050,2991.2,3001.8,96971,64399,3448.4,2821.6,3135,3009.28632121617,09:18:50,500
IF1509,3002.6,3,3002.8,20,3050,3050,2991.2,3002.6,96977,64433,3448.4,2821.6,3135,3009.28279608275,09:18:51,0
IF1509,3001.8,16,3002.6,4,3050,3050,2991.2,3002,96989,64479,3448.4,2821.6,3135,3009.27787651794,09:18:51,500
IF1509,3002.6,2,3002.8,33,3050,3050,2991.2,3002.6,96984,64547,3448.4,2821.6,3135,3009.27032394999,09:18:52,0
IF1509,3001.6,4,3002.2,5,3050,3050,2991.2,3002.2,96990,64610,3448.4,2821.6,3135,3009.26319764742,09:18:52,500
IF1509,3001,35,3002.2,5,3050,3050,2991.2,3002.2,97003,64661,3448.4,2821.6,3135,3009.25724934659,09:18:53,0
IF1509,3001.4,4,3001.8,2,3050,3050,2991.2,3001.4,97008,64696,3448.4,2821.6,3135,3009.25325213305,09:18:53,500
IF1509,3002,4,3002.2,6,3050,3050,2991.2,3002.2,96989,64752,3448.4,2821.6,3135,3009.24678774401,09:18:54,0
IF1509,3001.8,3,3002,1,3050,3050,2991.2,3002,96984,64800,3448.4,2821.6,3135,3009.24142592593,09:18:54,500
IF1509,3002.2,4,3002.6,25,3050,3050,2991.2,3002.2,96994,64844,3448.4,2821.6,3135,3009.23641663068,09:18:55,0
IF1509,3001.2,1,3002,5,3050,3050,2991.2,3002.2,97009,64901,3448.4,2821.6,3135,3009.22976841651,09:18:55,500
IF1509,3001.2,2,3001.8,5,3050,3050,2991.2,3001.2,97013,64938,3448.4,2821.6,3135,3009.22539037236,09:18:56,0
IF1509,3001.4,4,3002.6,23,3050,3050,2991.2,3001.6,97031,64989,3448.4,2821.6,3135,3009.21966794381,09:18:56,500
IF1509,3001.6,10,3002.2,5,3050,3050,2991.2,3002,97027,65022,3448.4,2821.6,3135,3009.21600073821,09:18:57,0
IF1509,3001.4,3,3002.2,2,3050,3050,2991.2,3002,97019,65055,3448.4,2821.6,3135,3009.21233110445,09:18:57,500
IF1509,3001,27,3001.4,10,3050,3050,2991.2,3001.2,97030,65083,3448.4,2821.6,3135,3009.20917290229,09:18:58,0
IF1509,3001,6,3001.2,9,3050,3050,2991.2,3001,97052,65121,3448.4,2821.6,3135,3009.20445324857,09:18:58,500
IF1509,3001.2,1,3001.6,2,3050,3050,2991.2,3001.6,97097,65208,3448.4,2821.6,3135,3009.19347626058,09:18:59,0
IF1509,3000.2,7,3001,10,3050,3050,2991.2,3000.2,97097,65271,3448.4,2821.6,3135,3009.18557092737,09:18:59,500
IF1509,3000.2,1,3000.4,2,3050,3050,2991.2,3000.2,97105,65322,3448.4,2821.6,3135,3009.17852484615,09:19:00,0
IF1509,3000,37,3000.2,14,3050,3050,2991.2,3000.2,97135,65403,3448.4,2821.6,3135,3009.16720028133,09:19:00,500
IF1509,2999,6,2999.6,9,3050,3050,2991.2,2999,97165,65506,3448.4,2821.6,3135,3009.15266387812,09:19:01,0
IF1509,2998.4,8,2999.6,4,3050,3050,2991.2,2998.4,97186,65610,3448.4,2821.6,3135,3009.13619570188,09:19:01,500
IF1509,2998.8,2,2999,2,3050,3050,2991.2,2998.8,97139,65783,3448.4,2821.6,3135,3009.10706413511,09:19:02,0
IF1509,2999.4,9,3000,35,3050,3050,2991.2,2999.4,97161,65921,3448.4,2821.6,3135,3009.08684941066,09:19:02,500
IF1509,3000,1,3000.2,6,3050,3050,2991.2,3000.2,97176,66085,3448.4,2821.6,3135,3009.06381175759,09:19:03,0
IF1509,3000.4,8,3001,3,3050,3050,2991.2,3000.2,97198,66163,3448.4,2821.6,3135,3009.05390626181,09:19:03,500
IF1509,3001,68,3001.2,2,3050,3050,2991.2,3001,97207,66223,3448.4,2821.6,3135,3009.04673300817,09:19:04,0
IF1509,3001.2,87,3002,5,3050,3050,2991.2,3001.2,97212,66281,3448.4,2821.6,3135,3009.04031019448,09:19:04,500
IF1509,3002,57,3002.6,14,3050,3050,2991.2,3002.6,97209,66326,3448.4,2821.6,3135,3009.0356119772,09:19:05,0
IF1509,3002.6,14,3003,8,3050,3050,2991.2,3002.8,97197,66384,3448.4,2821.6,3135,3009.02971499157,09:19:05,500
IF1509,3003.2,15,3003.4,2,3050,3050,2991.2,3003.2,97211,66434,3448.4,2821.6,3135,3009.02531234007,09:19:06,0
IF1509,3003.4,9,3004,2,3050,3050,2991.2,3003.4,97197,66534,3448.4,2821.6,3135,3009.01708600114,09:19:06,500
IF1509,3003,32,3004,10,3050,3050,2991.2,3003.4,97187,66592,3448.4,2821.6,3135,3009.0123258049,09:19:07,0
IF1509,3002.6,9,3003,2,3050,3050,2991.2,3003,97210,66692,3448.4,2821.6,3135,3009.00343969292,09:19:07,500
IF1509,3002.2,23,3002.4,3,3050,3050,2991.2,3002.2,97215,66785,3448.4,2821.6,3135,3008.99440892416,09:19:08,0
IF1509,3002,33,3002.2,1,3050,3050,2991.2,3002.4,97227,66820,3448.4,2821.6,3135,3008.99087698294,09:19:08,500
IF1509,3001.2,11,3002,1,3050,3050,2991.2,3001.2,97213,66882,3448.4,2821.6,3135,3008.98433061212,09:19:09,0
IF1509,3001,40,3001.2,14,3050,3050,2991.2,3001.2,97208,66944,3448.4,2821.6,3135,3008.97727354207,09:19:09,500
IF1509,3000.4,15,3001,11,3050,3050,2991.2,3000.4,97197,67025,3448.4,2821.6,3135,3008.96753450205,09:19:10,0
IF1509,3000,13,3000.4,1,3050,3050,2991.2,3000,97228,67119,3448.4,2821.6,3135,3008.95562806359,09:19:10,500
IF1509,3000,2,3000.2,2,3050,3050,2991.2,3000,97262,67294,3448.4,2821.6,3135,3008.93613992332,09:19:11,0
IF1509,3000.8,2,3001.2,5,3050,3050,2991.2,3001.2,97285,67344,3448.4,2821.6,3135,3008.93001900689,09:19:11,500
IF1509,3002.4,1,3002.6,11,3050,3050,2991.2,3002.4,97293,67421,3448.4,2821.6,3135,3008.92090594919,09:19:12,0
IF1509,3001,2,3001.6,1,3050,3050,2991.2,3001,97274,67492,3448.4,2821.6,3135,3008.91295264624,09:19:12,500
IF1509,3000.4,1,3001.2,9,3050,3050,2991.2,3001.2,97266,67567,3448.4,2821.6,3135,3008.90380215194,09:19:13,0
IF1509,2999.4,4,3000,1,3050,3050,2991.2,3000.2,97260,67602,3448.4,2821.6,3135,3008.89915978817,09:19:13,500
IF1509,2997.6,1,2999.4,3,3050,3050,2991.2,2999.4,97247,67711,3448.4,2821.6,3135,3008.88321543029,09:19:14,0
IF1509,2998,1,2998.8,9,3050,3050,2991.2,2998.4,97284,67810,3448.4,2821.6,3135,3008.86800471907,09:19:14,500
IF1509,2997.6,8,2998,5,3050,3050,2991.2,2998.4,97289,67892,3448.4,2821.6,3135,3008.85483414835,09:19:15,0
IF1509,2999.2,2,2999.4,18,3050,3050,2991.2,2999.2,97301,67976,3448.4,2821.6,3135,3008.84168235848,09:19:15,500
IF1509,2998.6,4,2999.2,2,3050,3050,2991.2,2998.6,97300,68072,3448.4,2821.6,3135,3008.82737983312,09:19:16,0
IF1509,2999.2,3,2999.6,1,3050,3050,2991.2,2999.2,97307,68146,3448.4,2821.6,3135,3008.81667009069,09:19:16,500
IF1509,2999.6,7,3000.4,2,3050,3050,2991.2,2999.6,97305,68194,3448.4,2821.6,3135,3008.81020910931,09:19:17,0
IF1509,3000.6,2,3000.8,5,3050,3050,2991.2,3000.8,97322,68249,3448.4,2821.6,3135,3008.80331726472,09:19:17,500
IF1509,3001,5,3001.6,4,3050,3050,2991.2,3001,97340,68336,3448.4,2821.6,3135,3008.79327733552,09:19:18,0
IF1509,3001.6,6,3002,3,3050,3050,2991.2,3001.6,97331,68404,3448.4,2821.6,3135,3008.78578445705,09:19:18,500
IF1509,3002,1,3002.4,6,3050,3050,2991.2,3002,97334,68460,3448.4,2821.6,3135,3008.77986853637,09:19:19,0
IF1509,3002.4,2,3002.6,11,3050,3050,2991.2,3002.4,97348,68491,3448.4,2821.6,3135,3008.77688747427,09:19:19,500
IF1509,3002,10,3002.4,4,3050,3050,2991.2,3002.2,97365,68548,3448.4,2821.6,3135,3008.77157903951,09:19:20,0
IF1509,3002,6,3002.4,1,3050,3050,2991.2,3002,97389,68602,3448.4,2821.6,3135,3008.76668318708,09:19:20,500
IF1509,3002,3,3002.8,2,3050,3050,2991.2,3002.2,97407,68635,3448.4,2821.6,3135,3008.76358709114,09:19:21,0
IF1509,3001.6,8,3002,7,3050,3050,2991.2,3002,97417,68659,3448.4,2821.6,3135,3008.7613364599,09:19:21,500
IF1509,3002,8,3003.2,2,3050,3050,2991.2,3002,97429,68702,3448.4,2821.6,3135,3008.75707548543,09:19:22,0
IF1509,3002.4,11,3003,1,3050,3050,2991.2,3002.6,97422,68730,3448.4,2821.6,3135,3008.75460788593,09:19:22,500
IF1509,3003.2,2,3003.4,7,3050,3050,2991.2,3002.4,97434,68767,3448.4,2821.6,3135,3008.7514621839,09:19:23,0
IF1509,3003.2,1,3003.8,1,3050,3050,2991.2,3003.2,97441,68792,3448.4,2821.6,3135,3008.7494883126,09:19:23,500
IF1509,3003.4,1,3004.6,3,3050,3050,2991.2,3003.8,97445,68806,3448.4,2821.6,3135,3008.74848414383,09:19:24,0
IF1509,3003.8,3,3004,1,3050,3050,2991.2,3004.2,97454,68852,3448.4,2821.6,3135,3008.74536106431,09:19:24,500
IF1509,3004.2,1,3004.6,1,3050,3050,2991.2,3004,97446,68906,3448.4,2821.6,3135,3008.74202536789,09:19:25,0
IF1509,3004.6,7,3005.2,11,3050,3050,2991.2,3004.6,97457,68946,3448.4,2821.6,3135,3008.73966872625,09:19:25,500
IF1509,3004.8,5,3005.6,9,3050,3050,2991.2,3004.8,97439,68999,3448.4,2821.6,3135,3008.73664835722,09:19:26,0
IF1509,3005.6,8,3006,21,3050,3050,2991.2,3005.6,97429,69048,3448.4,2821.6,3135,3008.73417622524,09:19:26,500
IF1509,3005.6,6,3006,9,3050,3050,2991.2,3006,97420,69092,3448.4,2821.6,3135,3008.7322352805,09:19:27,0
IF1509,3005.4,2,3006,3,3050,3050,2991.2,3006,97404,69124,3448.4,2821.6,3135,3008.7308315491,09:19:27,500
IF1509,3004.6,3,3004.8,11,3050,3050,2991.2,3005,97396,69208,3448.4,2821.6,3135,3008.72675991215,09:19:28,0
IF1509,3004.2,12,3004.6,3,3050,3050,2991.2,3004.8,97373,69265,3448.4,2821.6,3135,3008.72335234245,09:19:28,500
IF1509,3004,63,3005.2,20,3050,3050,2991.2,3004.6,97368,69336,3448.4,2821.6,3135,3008.71910118842,09:19:29,0
IF1509,3004,30,3004.6,7,3050,3050,2991.2,3004,97396,69401,3448.4,2821.6,3135,3008.71486289823,09:19:29,500
IF1509,3003.2,8,3004,61,3050,3050,2991.2,3004,97417,69460,3448.4,2821.6,3135,3008.71079182263,09:19:30,0
IF1509,3001.2,2,3002,18,3050,3050,2991.2,3002,97450,69542,3448.4,2821.6,3135,3008.70402346783,09:19:30,500
IF1509,3001.2,3,3001.8,3,3050,3050,2991.2,3001.2,97463,69621,3448.4,2821.6,3135,3008.69607733299,09:19:31,0
IF1509,3002,1,3002.6,3,3050,3050,2991.2,3001.8,97469,69652,3448.4,2821.6,3135,3008.69306552576,09:19:31,500
IF1509,3001.8,3,3002.2,4,3050,3050,2991.2,3001.8,97473,69680,3448.4,2821.6,3135,3008.69046785304,09:19:32,0
IF1509,3002.2,3,3004,14,3050,3050,2991.2,3002.2,97565,69818,3448.4,2821.6,3135,3008.6799936979,09:19:32,500
IF1509,3003,1,3003.4,2,3050,3050,2991.2,3003,97578,69871,3448.4,2821.6,3135,3008.67638362125,09:19:33,0
IF1509,3004.2,1,3004.6,1,3050,3050,2991.2,3004.2,97581,69896,3448.4,2821.6,3135,3008.67482545496,09:19:33,500
IF1509,3004.6,5,3005.2,7,3050,3050,2991.2,3004.6,97586,69941,3448.4,2821.6,3135,3008.67227520339,09:19:34,0
IF1509,3004.6,21,3005,1,3050,3050,2991.2,3005,97592,69978,3448.4,2821.6,3135,3008.67003343908,09:19:34,500
IF1509,3003.6,3,3004.6,3,3050,3050,2991.2,3004.6,97592,70057,3448.4,2821.6,3135,3008.66523259632,09:19:35,0
IF1509,3003.6,4,3004.2,27,3050,3050,2991.2,3004.2,97590,70065,3448.4,2821.6,3135,3008.66470848498,09:19:35,500
IF1509,3003.4,1,3003.6,42,3050,3050,2991.2,3003.6,97587,70086,3448.4,2821.6,3135,3008.6631795223,09:19:36,0
IF1509,3002.8,2,3003,1,3050,3050,2991.2,3002.8,97578,70115,3448.4,2821.6,3135,3008.66071168794,09:19:36,500
IF1509,3002.2,3,3002.8,45,3050,3050,2991.2,3002.6,97579,70123,3448.4,2821.6,3135,3008.66001454587,09:19:37,0
IF1509,3002,6,3002.2,3,3050,3050,2991.2,3002,97582,70138,3448.4,2821.6,3135,3008.65866434743,09:19:37,500
IF1509,3002.2,1,3002.8,17,3050,3050,2991.2,3002.4,97589,70188,3448.4,2821.6,3135,3008.65415740583,09:19:38,0
IF1509,3001.2,1,3002.2,4,3050,3050,2991.2,3002.2,97600,70219,3448.4,2821.6,3135,3008.65127387174,09:19:38,500
IF1509,3001.4,3,3002,7,3050,3050,2991.2,3001.4,97607,70240,3448.4,2821.6,3135,3008.64917425968,09:19:39,0
IF1509,3000.8,2,3001.8,1,3050,3050,2991.2,3001.8,97613,70276,3448.4,2821.6,3135,3008.64546644658,09:19:39,500
IF1509,3001.2,1,3001.4,2,3050,3050,2991.2,3001.4,97630,70344,3448.4,2821.6,3135,3008.63879222109,09:19:40,0
IF1509,3000.4,5,3000.8,2,3050,3050,2991.2,3000.4,97654,70412,3448.4,2821.6,3135,3008.6315968869,09:19:40,500
IF1509,3000.6,1,3000.8,1,3050,3050,2991.2,3000.6,97660,70451,3448.4,2821.6,3135,3008.62704290926,09:19:41,0
IF1509,3000,27,3000.6,1,3050,3050,2991.2,3000,97707,70587,3448.4,2821.6,3135,3008.6112796974,09:19:41,500
IF1509,3000,24,3000.2,1,3050,3050,2991.2,3000,97711,70622,3448.4,2821.6,3135,3008.60729234516,09:19:42,0
IF1509,3000.2,7,3001.4,6,3050,3050,2991.2,3000.2,97719,70675,3448.4,2821.6,3135,3008.60103006721,09:19:42,500
IF1509,3000.8,1,3003.2,3,3050,3050,2991.2,3003,97777,70807,3448.4,2821.6,3135,3008.58741649837,09:19:43,0
IF1509,3000,12,3000.4,2,3050,3050,2991.2,3000.2,97803,70906,3448.4,2821.6,3135,3008.57704002482,09:19:43,500
IF1509,2999.8,1,3000,1,3050,3050,2991.2,3000,97796,71022,3448.4,2821.6,3135,3008.56258624088,09:19:44,0
IF1509,2998.2,2,2999.2,2,3050,3050,2991.2,2999.8,97791,71075,3448.4,2821.6,3135,3008.55570594443,09:19:44,500
IF1509,2998,4,2998.2,4,3050,3050,2991.2,2998.2,97808,71154,3448.4,2821.6,3135,3008.54455687663,09:19:45,0
IF1509,2997,4,2998.2,23,3050,3050,2991.2,2998.2,97821,71221,3448.4,2821.6,3135,3008.53490403112,09:19:45,500
IF1509,2997.4,1,2998,5,3050,3050,2991.2,2998,97814,71343,3448.4,2821.6,3135,3008.51644309883,09:19:46,0
IF1509,2997.8,3,2998.2,10,3050,3050,2991.2,2998.2,97797,71417,3448.4,2821.6,3135,3008.50538387219,09:19:46,500
IF1509,2999.4,5,3000.6,3,3050,3050,2991.2,2999.4,97830,71542,3448.4,2821.6,3135,3008.48916440692,09:19:47,0
IF1509,2999.8,37,3000.4,1,3050,3050,2991.2,3000,97841,71632,3448.4,2821.6,3135,3008.47944214876,09:19:47,500
IF1509,3000.4,22,3000.6,4,3050,3050,2991.2,3000.4,97829,71701,3448.4,2821.6,3135,3008.47202410008,09:19:48,0
IF1509,3000.6,28,3002.4,9,3050,3050,2991.2,3002.4,97830,71730,3448.4,2821.6,3135,3008.46910637111,09:19:48,500
IF1509,3001,11,3001.8,4,3050,3050,2991.2,3001.6,97814,71781,3448.4,2821.6,3135,3008.4641534668,09:19:49,0
IF1509,3000.6,17,3001.4,4,3050,3050,2991.2,3000.8,97803,71847,3448.4,2821.6,3135,3008.45736634793,09:19:49,500
IF1509,3001.4,5,3001.6,4,3050,3050,2991.2,3001.6,97767,71925,3448.4,2821.6,3135,3008.44918178658,09:19:50,0
IF1509,3001.6,2,3004.2,21,3050,3050,2991.2,3001.8,97791,72006,3448.4,2821.6,3135,3008.44290475794,09:19:50,500
IF1509,3002.4,5,3002.8,7,3050,3050,2991.2,3002.8,97805,72110,3448.4,2821.6,3135,3008.43624462627,09:19:51,0
IF1509,3002.8,20,3003.4,3,3050,3050,2991.2,3002.8,97808,72141,3448.4,2821.6,3135,3008.43409157067,09:19:51,500
IF1509,3004.2,3,3005.2,5,3050,3050,2991.2,3003.6,97791,72189,3448.4,2821.6,3135,3008.43141475848,09:19:52,0
IF1509,3004.2,1,3005,3,3050,3050,2991.2,3004.6,97803,72235,3448.4,2821.6,3135,3008.42893888005,09:19:52,500
IF1509,3004,2,3004.2,1,3050,3050,2991.2,3004.2,97799,72269,3448.4,2821.6,3135,3008.42721775589,09:19:53,0
IF1509,3003.4,4,3004,3,3050,3050,2991.2,3003.4,97792,72320,3448.4,2821.6,3135,3008.42407356195,09:19:53,500
IF1509,3002.2,4,3003,3,3050,3050,2991.2,3002.2,97782,72377,3448.4,2821.6,3135,3008.41969686503,09:19:54,0
IF1509,3001.8,1,3002.2,36,3050,3050,2991.2,3002.2,97787,72441,3448.4,2821.6,3135,3008.4141963805,09:19:54,500
IF1509,3001.2,7,3001.8,4,3050,3050,2991.2,3001.2,97788,72493,3448.4,2821.6,3135,3008.40940780489,09:19:55,0
IF1509,3001.4,1,3002,1,3050,3050,2991.2,3002,97778,72532,3448.4,2821.6,3135,3008.4056251034,09:19:55,500
IF1509,3002,1,3002.2,26,3050,3050,2991.2,3002.2,97774,72549,3448.4,2821.6,3135,3008.40413789301,09:19:56,0
IF1509,3001.6,1,3002,13,3050,3050,2991.2,3002,97787,72574,3448.4,2821.6,3135,3008.40190150743,09:19:56,500
IF1509,3001,1,3001.4,11,3050,3050,2991.2,3001.4,97801,72597,3448.4,2821.6,3135,3008.39975481081,09:19:57,0
IF1509,3000.6,3,3001,21,3050,3050,2991.2,3001,97801,72612,3448.4,2821.6,3135,3008.39823720597,09:19:57,500
IF1509,3000.4,3,3000.6,16,3050,3050,2991.2,3000.6,97803,72629,3448.4,2821.6,3135,3008.39639262554,09:19:58,0
IF1509,3000,23,3000.4,1,3050,3050,2991.2,3000.4,97804,72646,3448.4,2821.6,3135,3008.39448283457,09:19:58,500
IF1509,2999.6,5,3000.4,14,3050,3050,2991.2,3000,97831,72679,3448.4,2821.6,3135,3008.39068781904,09:19:59,0
IF1509,2999.4,3,2999.6,1,3050,3050,2991.2,2999.2,97845,72711,3448.4,2821.6,3135,3008.38675578661,09:19:59,500
IF1509,2999.2,6,2999.4,6,3050,3050,2991.2,2999.2,97860,72746,3448.4,2821.6,3135,3008.38239353367,09:20:00,0
IF1509,2996.8,8,2997.2,1,3050,3050,2991.2,2997.2,97918,72900,3448.4,2821.6,3135,3008.36263100137,09:20:00,500
IF1509,2997.4,10,2998,4,3050,3050,2991.2,2997.2,97931,72978,3448.4,2821.6,3135,3008.35129217024,09:20:01,0
IF1509,2999,1,2999.2,2,3050,3050,2991.2,2999,97957,73047,3448.4,2821.6,3135,3008.34192232398,09:20:01,500
IF1509,2998.2,2,2999,5,3050,3050,2991.2,2999,97978,73178,3448.4,2821.6,3135,3008.32469048075,09:20:02,0
IF1509,2998,1,2998.2,4,3050,3050,2991.2,2998.2,97975,73228,3448.4,2821.6,3135,3008.31793029989,09:20:02,500
IF1509,2998.2,6,2998.6,3,3050,3050,2991.2,2998.2,97959,73288,3448.4,2821.6,3135,3008.30953771422,09:20:03,0
IF1509,2997.2,19,2998.2,5,3050,3050,2991.2,2998.2,97968,73332,3448.4,2821.6,3135,3008.30352642775,09:20:03,500
IF1509,2997.4,2,2998,6,3050,3050,2991.2,2997.8,97979,73383,3448.4,2821.6,3135,3008.29604131747,09:20:04,0
IF1509,2997,1,2997.4,4,3050,3050,2991.2,2997.6,97976,73433,3448.4,2821.6,3135,3008.28873122438,09:20:04,500
IF1509,2996.2,2,2996.4,7,3050,3050,2991.2,2996.4,97987,73526,3448.4,2821.6,3135,3008.27477626962,09:20:05,0
IF1509,2996.4,12,2997.4,1,3050,3050,2991.2,2996.4,97993,73693,3448.4,2821.6,3135,3008.2485799194,09:20:05,500
IF1509,2996.4,11,2997.2,4,3050,3050,2991.2,2997.2,98038,73828,3448.4,2821.6,3135,3008.22830633364,09:20:06,0
IF1509,2997.2,3,2997.4,2,3050,3050,2991.2,2997.2,98048,73922,3448.4,2821.6,3135,3008.21469657206,09:20:06,500
IF1509,2997.8,10,2998.8,2,3050,3050,2991.2,2998.2,98084,74021,3448.4,2821.6,3135,3008.20122938085,09:20:07,0
IF1509,2999.2,2,3000,31,3050,3050,2991.2,2999.2,98076,74076,3448.4,2821.6,3135,3008.19445974405,09:20:07,500
IF1509,3000,23,3000.6,14,3050,3050,2991.2,3000.6,98079,74158,3448.4,2821.6,3135,3008.18555786294,09:20:08,0
IF1509,3000.6,42,3002,10,3050,3050,2991.2,3000.6,98096,74234,3448.4,2821.6,3135,3008.17826063529,09:20:08,500
IF1509,3001.4,91,3001.8,4,3050,3050,2991.2,3001.8,98099,74287,3448.4,2821.6,3135,3008.17355930378,09:20:09,0
IF1509,3001.8,9,3002,2,3050,3050,2991.2,3001.8,98083,74428,3448.4,2821.6,3135,3008.16143386897,09:20:09,500
IF1509,3002,1,3003,3,3050,3050,2991.2,3001.8,98062,74492,3448.4,2821.6,3135,3008.15616173549,09:20:10,0
IF1509,3003,18,3003.4,8,3050,3050,2991.2,3002.8,98062,74540,3448.4,2821.6,3135,3008.15266702442,09:20:10,500
IF1509,3003,35,3003.8,2,3050,3050,2991.2,3003,98008,74672,3448.4,2821.6,3135,3008.14289425755,09:20:11,0
IF1509,3003.6,2,3004,30,3050,3050,2991.2,3003.4,98015,74717,3448.4,2821.6,3135,3008.14005915655,09:20:11,500
IF1509,3003.4,4,3003.6,4,3050,3050,2991.2,3003.6,98022,74791,3448.4,2821.6,3135,3008.13556443957,09:20:12,0
IF1509,3003.8,2,3004,11,3050,3050,2991.2,3003,98066,74876,3448.4,2821.6,3135,3008.13040493616,09:20:12,500
IF1509,3002.8,11,3003.4,1,3050,3050,2991.2,3003.4,98099,74940,3448.4,2821.6,3135,3008.12662129704,09:20:13,0
IF1509,3002.4,1,3003.4,17,3050,3050,2991.2,3003.4,98107,75026,3448.4,2821.6,3135,3008.12099005678,09:20:13,500
IF1509,3001,2,3002,2,3050,3050,2991.2,3002,98102,75113,3448.4,2821.6,3135,3008.11410541451,09:20:14,0
IF1509,3001.2,4,3001.8,2,3050,3050,2991.2,3001.4,98137,75225,3448.4,2821.6,3135,3008.10342306414,09:20:14,500
IF1509,3001.6,1,3002.2,1,3050,3050,2991.2,3001.6,98137,75305,3448.4,2821.6,3135,3008.09701879025,09:20:15,0
IF1509,3002.2,21,3002.4,23,3050,3050,2991.2,3002.4,98130,75345,3448.4,2821.6,3135,3008.09401021966,09:20:15,500
IF1509,3002.8,6,3003,5,3050,3050,2991.2,3002.8,98140,75407,3448.4,2821.6,3135,3008.08946119061,09:20:16,0
IF1509,3002.8,9,3003.4,20,3050,3050,2991.2,3003,98146,75434,3448.4,2821.6,3135,3008.08766338786,09:20:16,500
IF1509,3003.4,1,3003.6,3,3050,3050,2991.2,3002.8,98143,75482,3448.4,2821.6,3135,3008.08456585676,09:20:17,0
IF1509,3003,3,3003.4,38,3050,3050,2991.2,3003.4,98146,75520,3448.4,2821.6,3135,3008.08211599576,09:20:17,500
IF1509,3002.4,3,3002.8,5,3050,3050,2991.2,3002.8,98140,75579,3448.4,2821.6,3135,3008.07800050279,09:20:18,0
IF1509,3002.2,6,3002.4,2,3050,3050,2991.2,3003,98154,75627,3448.4,2821.6,3135,3008.07451571529,09:20:18,500
IF1509,3003,4,3003.4,40,3050,3050,2991.2,3003.4,98155,75668,3448.4,2821.6,3135,3008.07158376064,09:20:19,0
IF1509,3002.4,3,3002.6,1,3050,3050,2991.2,3003,98151,75715,3448.4,2821.6,3135,3008.06839860001,09:20:19,500
IF1509,3002,57,3002.4,16,3050,3050,2991.2,3002.4,98149,75740,3448.4,2821.6,3135,3008.06650382889,09:20:20,0
IF1509,3002,46,3002.6,1,3050,3050,2991.2,3002,98183,75789,3448.4,2821.6,3135,3008.06277955904,09:20:20,500
IF1509,3002,7,3003.8,3,3050,3050,2991.2,3003.8,98189,75902,3448.4,2821.6,3135,3008.05469684593,09:20:21,0
IF1509,3002.6,8,3003.2,2,3050,3050,2991.2,3002.6,98248,76007,3448.4,2821.6,3135,3008.04880339969,09:20:21,500
IF1509,3004,3,3004.2,53,3050,3050,2991.2,3004,98217,76102,3448.4,2821.6,3135,3008.04300281202,09:20:22,0
IF1509,3004,2,3004.2,41,3050,3050,2991.2,3004.2,98237,76180,3448.4,2821.6,3135,3008.03860855868,09:20:22,500
IF1509,3003,5,3004.2,3,3050,3050,2991.2,3004.2,98237,76265,3448.4,2821.6,3135,3008.03409952141,09:20:23,0
IF1509,3003.6,1,3004,14,3050,3050,2991.2,3004,98238,76290,3448.4,2821.6,3135,3008.03266483156,09:20:23,500
IF1509,3004.2,10,3005,27,3050,3050,2991.2,3004,98239,76323,3448.4,2821.6,3135,3008.03100507056,09:20:24,0
IF1509,3004.2,3,3004.8,7,3050,3050,2991.2,3004.8,98226,76411,3448.4,2821.6,3135,3008.02698826085,09:20:24,500
IF1509,3005,8,3005.8,10,3050,3050,2991.2,3005.2,98214,76462,3448.4,2821.6,3135,3008.02500588528,09:20:25,0
IF1509,3004.8,24,3005,1,3050,3050,2991.2,3004.8,98221,76506,3448.4,2821.6,3135,3008.02339685776,09:20:25,500
IF1509,3004.8,28,3005.6,2,3050,3050,2991.2,3004.8,98218,76545,3448.4,2821.6,3135,3008.0218982298,09:20:26,0
IF1509,3005.6,11,3005.8,15,3050,3050,2991.2,3005.6,98220,76564,3448.4,2821.6,3135,3008.02122929837,09:20:26,500
IF1509,3005,1,3005.8,5,3050,3050,2991.2,3005.8,98215,76608,3448.4,2821.6,3135,3008.01977339181,09:20:27,0
IF1509,3005.8,1,3006,15,3050,3050,2991.2,3005.6,98215,76647,3448.4,2821.6,3135,3008.01847952301,09:20:27,500
IF1509,3005.8,3,3006.4,11,3050,3050,2991.2,3006.2,98227,76686,3448.4,2821.6,3135,3008.01739822132,09:20:28,0
IF1509,3006.4,11,3006.6,2,3050,3050,2991.2,3006.4,98214,76716,3448.4,2821.6,3135,3008.01673184212,09:20:28,500
IF1509,3006.2,2,3006.4,1,3050,3050,2991.2,3006.4,98195,76777,3448.4,2821.6,3135,3008.01553850763,09:20:29,0
IF1509,3006,3,3006.2,1,3050,3050,2991.2,3006.2,98188,76832,3448.4,2821.6,3135,3008.01434818826,09:20:29,500
IF1509,3006.4,9,3006.6,1,3050,3050,2991.2,3006,98180,76882,3448.4,2821.6,3135,3008.01326188185,09:20:30,0
IF1509,3005.8,10,3006.4,7,3050,3050,2991.2,3006.2,98183,76922,3448.4,2821.6,3135,3008.01227217181,09:20:30,500
IF1509,3005.6,5,3006.2,1,3050,3050,2991.2,3006.2,98170,76973,3448.4,2821.6,3135,3008.01098826861,09:20:31,0
IF1509,3005.4,1,3006,1,3050,3050,2991.2,3005.6,98177,77028,3448.4,2821.6,3135,3008.00977306953,09:20:31,500
IF1509,3004.8,10,3006,1,3050,3050,2991.2,3006,98172,77058,3448.4,2821.6,3135,3008.00881154455,09:20:32,0
IF1509,3005.4,1,3005.6,1,3050,3050,2991.2,3005.8,98184,77087,3448.4,2821.6,3135,3008.00787422004,09:20:32,500
IF1509,3005,4,3005.4,11,3050,3050,2991.2,3005,98185,77106,3448.4,2821.6,3135,3008.00726272923,09:20:33,0
IF1509,3004.8,6,3005,7,3050,3050,2991.2,3005,98191,77171,3448.4,2821.6,3135,3008.00496559589,09:20:33,500
IF1509,3006.2,1,3006.6,3,3050,3050,2991.2,3006.2,98203,77220,3448.4,2821.6,3135,3008.00332038332,09:20:34,0
IF1509,3006.4,1,3007,8,3050,3050,2991.2,3006.4,98219,77259,3448.4,2821.6,3135,3008.00245926041,09:20:34,500
IF1509,3005.6,3,3006,2,3050,3050,2991.2,3006.6,98222,77295,3448.4,2821.6,3135,3008.00160683097,09:20:35,0
IF1509,3005.4,1,3006.2,3,3050,3050,2991.2,3005.6,98225,77355,3448.4,2821.6,3135,3008.00007497899,09:20:35,500
IF1509,3006.2,10,3006.4,4,3050,3050,2991.2,3006.4,98224,77387,3448.4,2821.6,3135,3007.99923501363,09:20:36,0
IF1509,3006,1,3006.2,2,3050,3050,2991.2,3006.2,98245,77420,3448.4,2821.6,3135,3007.99852234565,09:20:36,500
IF1509,3006.2,1,3007,2,3050,3050,2991.2,3006,98260,77458,3448.4,2821.6,3135,3007.99765550363,09:20:37,0
IF1509,3006.4,2,3006.8,6,3050,3050,2991.2,3006.8,98261,77478,3448.4,2821.6,3135,3007.9971682284,09:20:37,500
IF1509,3006.8,8,3007,2,3050,3050,2991.2,3006.8,98249,77517,3448.4,2821.6,3135,3007.9964136899,09:20:38,0
IF1509,3006.2,2,3006.8,31,3050,3050,2991.2,3006.2,98250,77562,3448.4,2821.6,3135,3007.99562672443,09:20:38,500
IF1509,3005.8,3,3006.2,41,3050,3050,2991.2,3005.8,98258,77597,3448.4,2821.6,3135,3007.99474721961,09:20:39,0
IF1509,3004.6,3,3005.2,4,3050,3050,2991.2,3005.4,98284,77656,3448.4,2821.6,3135,3007.992536314,09:20:39,500
IF1509,3004,26,3004.6,101,3050,3050,2991.2,3004.6,98273,77706,3448.4,2821.6,3135,3007.99035595707,09:20:40,0
IF1509,3003.4,4,3004,18,3050,3050,2991.2,3003.4,98280,77763,3448.4,2821.6,3135,3007.98737703021,09:20:40,500
IF1509,3003,5,3003.4,15,3050,3050,2991.2,3003.4,98291,77794,3448.4,2821.6,3135,3007.98551302157,09:20:41,0
IF1509,3002,6,3004,12,3050,3050,2991.2,3004,98303,77859,3448.4,2821.6,3135,3007.98138172851,09:20:41,500
IF1509,3002.4,1,3003.2,4,3050,3050,2991.2,3002,98304,77882,3448.4,2821.6,3135,3007.97976682674,09:20:42,0
IF1509,3002,1,3002.4,3,3050,3050,2991.2,3002.2,98307,77898,3448.4,2821.6,3135,3007.97862846286,09:20:42,500
IF1509,3001.2,12,3001.6,5,3050,3050,2991.2,3001.6,98299,77929,3448.4,2821.6,3135,3007.97618858191,09:20:43,0
IF1509,3001.2,9,3002,20,3050,3050,2991.2,3002,98301,77953,3448.4,2821.6,3135,3007.97424088874,09:20:43,500
IF1509,3002,1,3002.2,2,3050,3050,2991.2,3002.2,98309,77988,3448.4,2821.6,3135,3007.9715084372,09:20:44,0
IF1509,3002,2,3002.8,1,3050,3050,2991.2,3002,98313,78043,3448.4,2821.6,3135,3007.96749740528,09:20:44,500
IF1509,3001.6,21,3001.8,1,3050,3050,2991.2,3002,98327,78073,3448.4,2821.6,3135,3007.96519667491,09:20:45,0
IF1509,3002,1,3003.4,1,3050,3050,2991.2,3003.4,98333,78123,3448.4,2821.6,3135,3007.961445413,09:20:45,500
IF1509,3002.2,4,3002.8,3,3050,3050,2991.2,3002.4,98324,78173,3448.4,2821.6,3135,3007.95792409144,09:20:46,0
IF1509,3002.2,3,3002.8,3,3050,3050,2991.2,3002.2,98318,78197,3448.4,2821.6,3135,3007.95614921289,09:20:46,500
IF1509,3001.8,1,3002,5,3050,3050,2991.2,3001.8,98317,78214,3448.4,2821.6,3135,3007.95490321426,09:20:47,0
IF1509,3001.6,5,3001.8,13,3050,3050,2991.2,3001.8,98317,78235,3448.4,2821.6,3135,3007.95326132805,09:20:47,500
IF1509,3001,13,3001.2,3,3050,3050,2991.2,3001.6,98324,78271,3448.4,2821.6,3135,3007.9502778807,09:20:48,0
IF1509,3001.2,1,3001.6,2,3050,3050,2991.2,3001.4,98322,78315,3448.4,2821.6,3135,3007.94657728405,09:20:48,500
IF1509,3000.8,5,3001.2,23,3050,3050,2991.2,3001.2,98312,78354,3448.4,2821.6,3135,3007.94333409909,09:20:49,0
IF1509,3000.6,1,3000.8,10,3050,3050,2991.2,3000.8,98295,78397,3448.4,2821.6,3135,3007.9395308494,09:20:49,500
IF1509,3000.2,5,3000.4,1,3050,3050,2991.2,3000.6,98285,78458,3448.4,2821.6,3135,3007.93413291188,09:20:50,0
IF1509,3000.4,2,3000.6,1,3050,3050,2991.2,3000.4,98316,78517,3448.4,2821.6,3135,3007.92845625788,09:20:50,500
IF1509,3000.6,3,3000.8,1,3050,3050,2991.2,3000.8,98333,78551,3448.4,2821.6,3135,3007.92517727336,09:20:51,0
IF1509,3000.2,1,3000.4,23,3050,3050,2991.2,3000.4,98334,78590,3448.4,2821.6,3135,3007.92151418756,09:20:51,500
IF1509,3000,41,3000.4,24,3050,3050,2991.2,3000.4,98320,78641,3448.4,2821.6,3135,3007.9164735952,09:20:52,0
IF1509,3000,14,3000.2,14,3050,3050,2991.2,3000,98328,78728,3448.4,2821.6,3135,3007.90794888731,09:20:52,500
IF1509,2999.4,3,3000,19,3050,3050,2991.2,2999.4,98314,78798,3448.4,2821.6,3135,3007.90081981776,09:20:53,0
IF1509,2999.2,6,2999.4,2,3050,3050,2991.2,2999.4,98303,78844,3448.4,2821.6,3135,3007.89583227639,09:20:53,500
IF1509,2999,1,2999.2,1,3050,3050,2991.2,2999,98292,78914,3448.4,2821.6,3135,3007.88833160149,09:20:54,0
IF1509,2998.4,4,2999.2,1,3050,3050,2991.2,2999,98291,78969,3448.4,2821.6,3135,3007.8821258975,09:20:54,500
IF1509,2998.2,1,2998.4,29,3050,3050,2991.2,2998.4,98293,78997,3448.4,2821.6,3135,3007.87875235768,09:20:55,0
IF1509,2998,28,2998.2,15,3050,3050,2991.2,2998.2,98299,79028,3448.4,2821.6,3135,3007.87492028142,09:20:55,500
IF1509,2997.4,15,2998.4,36,3050,3050,2991.2,2997.8,98298,79104,3448.4,2821.6,3135,3007.86547835761,09:20:56,0
IF1509,2997.6,2,2998,1,3050,3050,2991.2,2997.6,98304,79149,3448.4,2821.6,3135,3007.85976070449,09:20:56,500
IF1509,2997.2,41,2998.2,6,3050,3050,2991.2,2998.2,98292,79211,3448.4,2821.6,3135,3007.8517478633,09:20:57,0
IF1509,2997.8,1,2998.2,4,3050,3050,2991.2,2998.2,98273,79280,3448.4,2821.6,3135,3007.84302724521,09:20:57,500
IF1509,2997,7,2998,72,3050,3050,2991.2,2997,98260,79389,3448.4,2821.6,3135,3007.82903928756,09:20:58,0
IF1509,2996.6,7,2996.8,2,3050,3050,2991.2,2997.6,98263,79449,3448.4,2821.6,3135,3007.8209215975,09:20:58,500
IF1509,2996,23,2996.6,1,3050,3050,2991.2,2996.8,98270,79545,3448.4,2821.6,3135,3007.80738952794,09:20:59,0
IF1509,2995.6,4,2996,20,3050,3050,2991.2,2996,98284,79684,3448.4,2821.6,3135,3007.78744038954,09:20:59,500
IF1509,2995.2,27,2996,2,3050,3050,2991.2,2995.2,98268,79809,3448.4,2821.6,3135,3007.76878798131,09:21:00,0
IF1509,2995,33,2995.2,10,3050,3050,2991.2,2995.2,98308,79990,3448.4,2821.6,3135,3007.7408376047,09:21:00,500
IF1509,2994.4,5,2995,22,3050,3050,2991.2,2994.4,98344,80186,3448.4,2821.6,3135,3007.70999176914,09:21:01,0
IF1509,2995,2,2995.2,4,3050,3050,2991.2,2994.6,98409,80406,3448.4,2821.6,3135,3007.6748675472,09:21:01,500
IF1509,2996.6,2,2997.2,1,3050,3050,2991.2,2996.6,98441,80508,3448.4,2821.6,3135,3007.65987727928,09:21:02,0
IF1509,2997.2,11,2998,53,3050,3050,2991.2,2997.2,98497,80650,3448.4,2821.6,3135,3007.64169373838,09:21:02,500
IF1509,2998,8,2998.4,2,3050,3050,2991.2,2998.4,98538,80824,3448.4,2821.6,3135,3007.62044937147,09:21:03,0
IF1509,2997.2,11,2998,1,3050,3050,2991.2,2997.8,98530,80966,3448.4,2821.6,3135,3007.60404120248,09:21:03,500
IF1509,2996.8,1,2997,3,3050,3050,2991.2,2996.8,98503,81084,3448.4,2821.6,3135,3007.58968723793,09:21:04,0
IF1509,2995.4,2,2995.8,3,3050,3050,2991.2,2996.6,98495,81140,3448.4,2821.6,3135,3007.58194971654,09:21:04,500
IF1509,2994,49,2994.8,2,3050,3050,2991.2,2994,98510,81268,3448.4,2821.6,3135,3007.56274056209,09:21:05,0
IF1509,2993.8,4,2994,2,3050,3050,2991.2,2993.8,98550,81394,3448.4,2821.6,3135,3007.54218001327,09:21:05,500
IF1509,2993.6,7,2993.8,28,3050,3050,2991.2,2993.8,98591,81490,3448.4,2821.6,3135,3007.52594919622,09:21:06,0
IF1509,2992.4,14,2993.6,4,3050,3050,2991.2,2993.6,98618,81641,3448.4,2821.6,3135,3007.4996460112,09:21:06,500
IF1509,2992.8,1,2993,2,3050,3050,2991.2,2993.2,98640,81818,3448.4,2821.6,3135,3007.46862059694,09:21:07,0
IF1509,2991.6,1,2992.4,1,3050,3050,2991.2,2992.6,98653,81939,3448.4,2821.6,3135,3007.44670303519,09:21:07,500
IF1509,2991.6,3,2992.8,13,3050,3050,2991.2,2991.6,98681,82098,3448.4,2821.6,3135,3007.41665570416,09:21:08,0
IF1509,2991,72,2991.6,33,3050,3050,2991,2991.6,98689,82207,3448.4,2821.6,3135,3007.39578138115,09:21:08,500
IF1509,2991.6,5,2991.8,3,3050,3050,2991,2991.6,98735,82469,3448.4,2821.6,3135,3007.34489323261,09:21:09,0
IF1509,2992.2,17,2992.8,13,3050,3050,2991,2992.4,98770,82649,3448.4,2821.6,3135,3007.31193359871,09:21:09,500
IF1509,2992.8,39,2993.4,5,3050,3050,2991,2992.8,98805,82898,3448.4,2821.6,3135,3007.26832010423,09:21:10,0
IF1509,2993.4,3,2994.2,18,3050,3050,2991,2993.4,98812,83063,3448.4,2821.6,3135,3007.24108447805,09:21:10,500
IF1509,2994.2,2,2994.8,6,3050,3050,2991,2994.4,98838,83188,3448.4,2821.6,3135,3007.22104630476,09:21:11,0
IF1509,2994,5,2994.2,2,3050,3050,2991,2994,98831,83309,3448.4,2821.6,3135,3007.20201418814,09:21:11,500
IF1509,2992.8,36,2993.2,2,3050,3050,2991,2993.2,98795,83435,3448.4,2821.6,3135,3007.18148978247,09:21:12,0
IF1509,2993.2,2,2993.8,8,3050,3050,2991,2993.2,98802,83589,3448.4,2821.6,3135,3007.15531947984,09:21:12,500
IF1509,2992.4,2,2993.2,2,3050,3050,2991,2993.4,98817,83651,3448.4,2821.6,3135,3007.14473706232,09:21:13,0
IF1509,2992.2,24,2992.4,1,3050,3050,2991,2992.4,98820,83686,3448.4,2821.6,3135,3007.13873527233,09:21:13,500
IF1509,2992.4,16,2993.2,2,3050,3050,2991,2992.4,98819,83747,3448.4,2821.6,3135,3007.12824578791,09:21:14,0
IF1509,2992.6,4,2993.2,8,3050,3050,2991,2993.2,98851,83829,3448.4,2821.6,3135,3007.11427071777,09:21:14,500
IF1509,2992.4,3,2993.2,3,3050,3050,2991,2992.6,98849,83916,3448.4,2821.6,3135,3007.09980456647,09:21:15,0
IF1509,2992.6,8,2993.6,1,3050,3050,2991,2992.8,98847,83959,3448.4,2821.6,3135,3007.09257852047,09:21:15,500
IF1509,2992.8,6,2993.2,1,3050,3050,2991,2993.6,98845,84035,3448.4,2821.6,3135,3007.08023085619,09:21:16,0
IF1509,2993.2,1,2993.4,1,3050,3050,2991,2993.2,98862,84077,3448.4,2821.6,3135,3007.07344220179,09:21:16,500
IF1509,2993.4,3,2994.2,9,3050,3050,2991,2993.4,98884,84127,3448.4,2821.6,3135,3007.06537259144,09:21:17,0
IF1509,2993.6,6,2993.8,2,3050,3050,2991,2993.8,98913,84188,3448.4,2821.6,3135,3007.05553285504,09:21:17,500
IF1509,2993,18,2993.6,1,3050,3050,2991,2993,98926,84280,3448.4,2821.6,3135,3007.04060512577,09:21:18,0
IF1509,2993.6,2,2994.2,2,3050,3050,2991,2993.6,98930,84320,3448.4,2821.6,3135,3007.03414373814,09:21:18,500
IF1509,2993.4,1,2993.6,3,3050,3050,2991,2993.6,98918,84381,3448.4,2821.6,3135,3007.02415235657,09:21:19,0
IF1509,2992.8,4,2993.4,26,3050,3050,2991,2993.2,98924,84410,3448.4,2821.6,3135,3007.019431347,09:21:19,500
IF1509,2991.8,12,2992.2,5,3050,3050,2991,2992.8,98911,84464,3448.4,2821.6,3135,3007.01003978026,09:21:20,0
IF1509,2991.2,17,2991.6,8,3050,3050,2991,2991.6,98927,84527,3448.4,2821.6,3135,3006.99865131851,09:21:20,500
IF1509,2990.8,26,2991.2,18,3050,3050,2990.8,2990.8,98939,84610,3448.4,2821.6,3135,3006.98299255407,09:21:21,0
IF1509,2990.6,84,2990.8,7,3050,3050,2990.6,2990.6,98913,84775,3448.4,2821.6,3135,3006.95206133884,09:21:21,500
IF1509,2991.2,16,2991.8,89,3050,3050,2990.6,2991.2,98912,84943,3448.4,2821.6,3135,3006.92018412347,09:21:22,0
IF1509,2991.2,8,2991.8,49,3050,3050,2990.4,2991.4,98913,85131,3448.4,2821.6,3135,3006.88559514161,09:21:22,500
IF1509,2990.6,1,2991.8,44,3050,3050,2990.4,2991.6,98928,85218,3448.4,2821.6,3135,3006.86967776761,09:21:23,0
IF1509,2991,1,2991.4,5,3050,3050,2990.4,2991.2,98929,85312,3448.4,2821.6,3135,3006.85226697299,09:21:23,500
IF1509,2990.4,86,2990.6,9,3050,3050,2990.4,2990.4,98928,85360,3448.4,2821.6,3135,3006.84327085286,09:21:24,0
IF1509,2990.4,21,2990.6,4,3050,3050,2990.4,2990.4,98915,85461,3448.4,2821.6,3135,3006.82395946689,09:21:24,500
IF1509,2990.2,7,2990.4,126,3050,3050,2990.2,2990.4,98866,85629,3448.4,2821.6,3135,3006.79151689264,09:21:25,0
IF1509,2989.2,15,2989.6,2,3050,3050,2989.2,2989.2,98842,85880,3448.4,2821.6,3135,3006.74245691663,09:21:25,500
IF1509,2988,36,2988.8,6,3050,3050,2988,2988.8,98876,86023,3448.4,2821.6,3135,3006.71202585355,09:21:26,0
IF1509,2987.4,8,2988,62,3050,3050,2987.2,2988,98937,86251,3448.4,2821.6,3135,3006.66231116161,09:21:26,500
IF1509,2987,18,2987.4,16,3050,3050,2987,2987.2,98964,86438,3448.4,2821.6,3135,3006.62063444319,09:21:27,0
IF1509,2986,51,2987,35,3050,3050,2986,2987,98991,86595,3448.4,2821.6,3135,3006.58517235406,09:21:27,500
IF1509,2986.4,1,2986.8,1,3050,3050,2986,2986.8,99108,86915,3448.4,2821.6,3135,3006.51122821147,09:21:28,0
IF1509,2987,1,2987.2,7,3050,3050,2985.2,2986.8,99189,87122,3448.4,2821.6,3135,3006.46347420858,09:21:28,500
IF1509,2985.2,16,2986.8,3,3050,3050,2985.2,2986.4,99185,87269,3448.4,2821.6,3135,3006.43013441199,09:21:29,0
IF1509,2985,66,2985.2,3,3050,3050,2985,2985.2,99228,87422,3448.4,2821.6,3135,3006.39385051818,09:21:29,500
IF1509,2984,2,2984.2,6,3050,3050,2984,2985,99250,87663,3448.4,2821.6,3135,3006.33533417748,09:21:30,0
IF1509,2983.6,4,2984,57,3050,3050,2983,2984,99250,87817,3448.4,2821.6,3135,3006.29543710216,09:21:30,500
IF1509,2983.2,8,2983.6,7,3050,3050,2982,2983.6,99284,88051,3448.4,2821.6,3135,3006.23413703422,09:21:31,0
IF1509,2983,2,2983.2,91,3050,3050,2982,2983.2,99371,88286,3448.4,2821.6,3135,3006.17369911424,09:21:31,500
IF1509,2982.2,10,2983,1,3050,3050,2982,2982.6,99371,88434,3448.4,2821.6,3135,3006.13465183074,09:21:32,0
IF1509,2982,11,2982.2,4,3050,3050,2981.2,2982,99391,88648,3448.4,2821.6,3135,3006.07725385796,09:21:32,500
IF1509,2981.2,18,2982,14,3050,3050,2981.2,2982,99382,88943,3448.4,2821.6,3135,3005.99813363615,09:21:33,0
IF1509,2981,24,2981.2,1,3050,3050,2981,2981.2,99371,89176,3448.4,2821.6,3135,3005.93491073832,09:21:33,500
IF1509,2980,138,2981,1,3050,3050,2980,2980.8,99426,89372,3448.4,2821.6,3135,3005.88013471781,09:21:34,0
IF1509,2980.4,12,2980.8,2,3050,3050,2980,2980.4,99454,89561,3448.4,2821.6,3135,3005.82625696453,09:21:34,500
IF1509,2980.2,15,2980.4,1,3050,3050,2980,2981,99535,89898,3448.4,2821.6,3135,3005.7311219382,09:21:35,0
IF1509,2980.6,2,2981.2,30,3050,3050,2980,2981.2,99601,90081,3448.4,2821.6,3135,3005.6804786803,09:21:35,500
IF1509,2980.4,31,2981,1,3050,3050,2980,2981.2,99564,90363,3448.4,2821.6,3135,3005.60342618107,09:21:36,0
IF1509,2981.4,3,2981.8,1,3050,3050,2980,2981.4,99593,90529,3448.4,2821.6,3135,3005.55868506225,09:21:36,500
IF1509,2981.8,4,2982,39,3050,3050,2980,2981.8,99595,90714,3448.4,2821.6,3135,3005.50967656591,09:21:37,0
IF1509,2981.2,1,2981.8,13,3050,3050,2980,2981.8,99552,90872,3448.4,2821.6,3135,3005.46766660798,09:21:37,500
IF1509,2982,3,2982.2,30,3050,3050,2980,2982.2,99576,91045,3448.4,2821.6,3135,3005.42205722445,09:21:38,0
IF1509,2980.6,3,2981.8,2,3050,3050,2980,2981.8,99607,91210,3448.4,2821.6,3135,3005.37914483061,09:21:38,500
IF1509,2980.6,1,2981.2,7,3050,3050,2980,2981.2,99608,91316,3448.4,2821.6,3135,3005.35089579044,09:21:39,0
IF1509,2980,13,2980.6,42,3050,3050,2980,2980,99631,91510,3448.4,2821.6,3135,3005.29806578516,09:21:39,500
IF1509,2978,8,2979,1,3050,3050,2978,2979,99679,91756,3448.4,2821.6,3135,3005.22914468809,09:21:40,0
IF1509,2977,30,2977.2,1,3050,3050,2977,2978,99726,91943,3448.4,2821.6,3135,3005.17332477731,09:21:40,500
IF1509,2978.4,2,2978.8,1,3050,3050,2977,2978.8,99708,92125,3448.4,2821.6,3135,3005.11939864315,09:21:41,0
IF1509,2979.6,7,2980.6,22,3050,3050,2977,2979.6,99751,92342,3448.4,2821.6,3135,3005.05971713846,09:21:41,500
IF1509,2980.6,89,2981.6,4,3050,3050,2977,2980.6,99790,92546,3448.4,2821.6,3135,3005.00649838999,09:21:42,0
IF1509,2981.2,9,2982,7,3050,3050,2977,2981.2,99807,92706,3448.4,2821.6,3135,3004.96601945937,09:21:42,500
IF1509,2982.4,2,2982.8,2,3050,3050,2977,2982.8,99832,92837,3448.4,2821.6,3135,3004.93382164439,09:21:43,0
IF1509,2982.6,6,2983,9,3050,3050,2977,2983,99836,92986,3448.4,2821.6,3135,3004.89806422472,09:21:43,500
IF1509,2981.8,1,2982.6,24,3050,3050,2977,2982.4,99789,93124,3448.4,2821.6,3135,3004.86463210343,09:21:44,0
IF1509,2982.2,1,2982.4,11,3050,3050,2977,2982.4,99748,93315,3448.4,2821.6,3135,3004.81779992499,09:21:44,500
IF1509,2982.4,3,2982.6,25,3050,3050,2977,2982.6,99774,93435,3448.4,2821.6,3135,3004.78880719217,09:21:45,0
IF1509,2981.8,1,2982.2,2,3050,3050,2977,2981.8,99798,93561,3448.4,2821.6,3135,3004.75783499535,09:21:45,500
IF1509,2981.4,7,2982.2,1,3050,3050,2977,2981.8,99812,93713,3448.4,2821.6,3135,3004.7209223907,09:21:46,0
IF1509,2981.6,2,2982,4,3050,3050,2977,2981.6,99824,93797,3448.4,2821.6,3135,3004.70037847692,09:21:46,500
IF1509,2982.2,4,2982.4,13,3050,3050,2977,2982,99823,93836,3448.4,2821.6,3135,3004.69099492732,09:21:47,0
IF1509,2982.4,7,2982.6,17,3050,3050,2977,2982.6,99865,93942,3448.4,2821.6,3135,3004.66581294842,09:21:47,500
IF1509,2982.6,3,2983.2,36,3050,3050,2977,2982.6,99860,94019,3448.4,2821.6,3135,3004.6477648135,09:21:48,0
IF1509,2983.2,28,2983.6,27,3050,3050,2977,2983,99863,94132,3448.4,2821.6,3135,3004.62165044831,09:21:48,500
IF1509,2983.6,24,2984,15,3050,3050,2977,2984,99872,94236,3448.4,2821.6,3135,3004.59833609236,09:21:49,0
IF1509,2984,3,2985,35,3050,3050,2977,2985,99864,94307,3448.4,2821.6,3135,3004.5828178184,09:21:49,500
IF1509,2984,5,2984.8,5,3050,3050,2977,2984.2,99872,94460,3448.4,2821.6,3135,3004.55014821088,09:21:50,0
IF1509,2983.6,1,2984.4,7,3050,3050,2977,2984.2,99845,94532,3448.4,2821.6,3135,3004.5343841239,09:21:50,500
IF1509,2984,1,2984.6,2,3050,3050,2977,2984,99857,94608,3448.4,2821.6,3135,3004.51788432268,09:21:51,0
IF1509,2984,2,2984.6,6,3050,3050,2977,2984.6,99863,94660,3448.4,2821.6,3135,3004.50676103951,09:21:51,500
IF1509,2984.4,9,2984.6,6,3050,3050,2977,2984.4,99861,94716,3448.4,2821.6,3135,3004.49479074285,09:21:52,0
IF1509,2984.6,1,2985,26,3050,3050,2977,2984.4,99853,94765,3448.4,2821.6,3135,3004.48446789427,09:21:52,500
IF1509,2984.6,11,2985,5,3050,3050,2977,2984.8,99838,94854,3448.4,2821.6,3135,3004.46585700129,09:21:53,0
IF1509,2985,15,2985.2,15,3050,3050,2977,2985,99835,94879,3448.4,2821.6,3135,3004.4607341983,09:21:53,500
IF1509,2985.2,1,2985.8,6,3050,3050,2977,2985.2,99803,94966,3448.4,2821.6,3135,3004.44328075311,09:21:54,0
IF1509,2985.8,20,2986.4,21,3050,3050,2977,2986.4,99809,95005,3448.4,2821.6,3135,3004.4356297037,09:21:54,500
IF1509,2985.4,1,2985.8,2,3050,3050,2977,2986,99767,95145,3448.4,2821.6,3135,3004.40796678754,09:21:55,0
IF1509,2985.8,7,2986.8,3,3050,3050,2977,2985.8,99745,95221,3448.4,2821.6,3135,3004.39317377469,09:21:55,500
IF1509,2985.2,2,2985.4,34,3050,3050,2977,2985.8,99710,95383,3448.4,2821.6,3135,3004.36216726251,09:21:56,0
IF1509,2984.8,3,2985.2,17,3050,3050,2977,2984.8,99702,95450,3448.4,2821.6,3135,3004.34864117339,09:21:56,500
IF1509,2984.6,28,2984.8,3,3050,3050,2977,2984.6,99699,95497,3448.4,2821.6,3135,3004.33902635685,09:21:57,0
IF1509,2983.6,8,2984.6,1,3050,3050,2977,2985,99694,95585,3448.4,2821.6,3135,3004.32090809227,09:21:57,500
IF1509,2984,4,2984.4,1,3050,3050,2977,2984,99725,95656,3448.4,2821.6,3135,3004.30616375345,09:21:58,0
IF1509,2985,1,2985.2,30,3050,3050,2977,2985,99742,95718,3448.4,2821.6,3135,3004.29343070269,09:21:58,500
IF1509,2984.6,5,2985,1,3050,3050,2977,2984.8,99750,95788,3448.4,2821.6,3135,3004.27932308849,09:21:59,0
IF1509,2985.2,1,2985.4,8,3050,3050,2977,2985.2,99771,95892,3448.4,2821.6,3135,3004.25862637134,09:21:59,500
IF1509,2985.2,1,2985.8,30,3050,3050,2977,2985.8,99774,95928,3448.4,2821.6,3135,3004.25159286131,09:22:00,0
IF1509,2983.2,22,2985.2,3,3050,3050,2977,2985.4,99873,96087,3448.4,2821.6,3135,3004.21949275136,09:22:00,500
IF1509,2984.8,12,2985,9,3050,3050,2977,2985,99909,96184,3448.4,2821.6,3135,3004.19976087499,09:22:01,0
IF1509,2984,4,2984.8,3,3050,3050,2977,2984.8,99897,96288,3448.4,2821.6,3135,3004.17891118312,09:22:01,500
IF1509,2985,34,2985.2,4,3050,3050,2977,2985.2,99892,96333,3448.4,2821.6,3135,3004.16990439413,09:22:02,0
IF1509,2985.2,33,2985.6,3,3050,3050,2977,2985.8,99914,96390,3448.4,2821.6,3135,3004.15886502749,09:22:02,500
IF1509,2985.6,13,2986.8,13,3050,3050,2977,2985.6,99955,96473,3448.4,2821.6,3135,3004.14313020223,09:22:03,0
IF1509,2986,8,2986.6,1,3050,3050,2977,2986.4,99970,96552,3448.4,2821.6,3135,3004.12841370453,09:22:03,500
IF1509,2986,4,2986.4,5,3050,3050,2977,2986.8,99975,96603,3448.4,2821.6,3135,3004.11892177262,09:22:04,0
IF1509,2985.2,9,2985.4,3,3050,3050,2977,2985.2,99954,96740,3448.4,2821.6,3135,3004.09321686996,09:22:04,500
IF1509,2985.8,1,2986.4,6,3050,3050,2977,2986.4,99948,96847,3448.4,2821.6,3135,3004.07304717751,09:22:05,0
IF1509,2985.4,2,2985.8,1,3050,3050,2977,2985.6,99909,96985,3448.4,2821.6,3135,3004.04675362169,09:22:05,500
IF1509,2986.6,1,2986.8,16,3050,3050,2977,2986.6,99911,97068,3448.4,2821.6,3135,3004.03122141179,09:22:06,0
IF1509,2986.2,1,2986.8,10,3050,3050,2977,2986.8,99899,97149,3448.4,2821.6,3135,3004.01642837291,09:22:06,500
IF1509,2986.8,7,2987.4,91,3050,3050,2977,2987,99908,97218,3448.4,2821.6,3135,3004.00415766628,09:22:07,0
IF1509,2987.2,3,2987.4,63,3050,3050,2977,2987.4,99896,97303,3448.4,2821.6,3135,3003.98935079083,09:22:07,500
IF1509,2987.2,2,2987.4,28,3050,3050,2977,2987.2,99871,97373,3448.4,2821.6,3135,3003.97731403983,09:22:08,0
IF1509,2987.4,7,2987.6,11,3050,3050,2977,2987.4,99845,97419,3448.4,2821.6,3135,3003.9694618093,09:22:08,500
IF1509,2987.8,1,2988,26,3050,3050,2977,2987.8,99840,97462,3448.4,2821.6,3135,3003.96222732963,09:22:09,0
IF1509,2987.4,12,2987.8,9,3050,3050,2977,2987.8,99828,97571,3448.4,2821.6,3135,3003.94428262496,09:22:09,500
IF1509,2987.8,4,2988.2,4,3050,3050,2977,2987.8,99853,97671,3448.4,2821.6,3135,3003.9282222973,09:22:10,0
IF1509,2988.2,7,2989.2,13,3050,3050,2977,2989.2,99835,97726,3448.4,2821.6,3135,3003.91929885599,09:22:10,500
IF1509,2988.2,9,2988.8,2,3050,3050,2977,2988.6,99815,97817,3448.4,2821.6,3135,3003.90508602799,09:22:11,0
IF1509,2989.4,16,2989.8,3,3050,3050,2977,2989.4,99802,97875,3448.4,2821.6,3135,3003.89623295019,09:22:11,500
IF1509,2989.2,3,2990.4,1,3050,3050,2977,2989.8,99806,97965,3448.4,2821.6,3135,3003.88340121472,09:22:12,0
IF1509,2989.6,2,2990,2,3050,3050,2977,2989.6,99799,98024,3448.4,2821.6,3135,3003.87492246797,09:22:12,500
IF1509,2988.8,50,2989,10,3050,3050,2977,2989.2,99763,98142,3448.4,2821.6,3135,3003.85771433229,09:22:13,0
IF1509,2990.4,1,2990.6,14,3050,3050,2977,2989,99731,98281,3448.4,2821.6,3135,3003.83676397269,09:22:13,500
IF1509,2989.2,25,2989.4,3,3050,3050,2977,2989.2,99711,98374,3448.4,2821.6,3135,3003.82326427715,09:22:14,0
IF1509,2988.2,6,2989.2,25,3050,3050,2977,2989.2,99690,98470,3448.4,2821.6,3135,3003.80878440134,09:22:14,500
IF1509,2988.4,2,2988.6,4,3050,3050,2977,2988.4,99700,98552,3448.4,2821.6,3135,3003.7959960224,09:22:15,0
IF1509,2987.8,15,2988.4,18,3050,3050,2977,2987.8,99692,98626,3448.4,2821.6,3135,3003.78433678746,09:22:15,500
IF1509,2988,7,2988.2,1,3050,3050,2977,2988,99701,98672,3448.4,2821.6,3135,3003.77701475596,09:22:16,0
IF1509,2987.4,32,2988,10,3050,3050,2977,2987.4,99689,98736,3448.4,2821.6,3135,3003.76687732944,09:22:16,500
IF1509,2987.6,4,2988,5,3050,3050,2977,2988,99701,98767,3448.4,2821.6,3135,3003.76182530602,09:22:17,0
IF1509,2987.4,20,2987.6,4,3050,3050,2977,2987.6,99695,98832,3448.4,2821.6,3135,3003.75138214344,09:22:17,500
IF1509,2987.4,15,2987.6,2,3050,3050,2977,2987.6,99692,98859,3448.4,2821.6,3135,3003.74696891532,09:22:18,0
IF1509,2988,4,2988.4,1,3050,3050,2977,2988.4,99717,98910,3448.4,2821.6,3135,3003.73886159135,09:22:18,500
IF1509,2987.6,3,2988.2,1,3050,3050,2977,2987.6,99737,98954,3448.4,2821.6,3135,3003.73188552257,09:22:19,0
IF1509,2988,1,2988.4,1,3050,3050,2977,2988.4,99743,98982,3448.4,2821.6,3135,3003.72745751753,09:22:19,500
IF1509,2987.4,13,2988,2,3050,3050,2977,2988.4,99730,99028,3448.4,2821.6,3135,3003.72017005291,09:22:20,0
IF1509,2987.2,5,2987.4,4,3050,3050,2977,2988,99757,99067,3448.4,2821.6,3135,3003.71377350682,09:22:20,500
IF1509,2986.8,5,2987,1,3050,3050,2977,2986.8,99761,99119,3448.4,2821.6,3135,3003.70507975262,09:22:21,0
IF1509,2987,10,2987.4,1,3050,3050,2977,2987.4,99768,99176,3448.4,2821.6,3135,3003.69549487779,09:22:21,500
IF1509,2986.6,2,2988,3,3050,3050,2977,2987.4,99809,99262,3448.4,2821.6,3135,3003.68143297536,09:22:22,0
IF1509,2988,25,2988.2,5,3050,3050,2977,2988,99819,99302,3448.4,2821.6,3135,3003.67493706068,09:22:22,500
IF1509,2988,12,2988.4,2,3050,3050,2977,2988,99833,99358,3448.4,2821.6,3135,3003.6662372431,09:22:23,0
IF1509,2988.4,1,2988.6,1,3050,3050,2977,2988,99847,99415,3448.4,2821.6,3135,3003.65726097671,09:22:23,500
IF1509,2987.2,6,2988.4,50,3050,3050,2977,2987.2,99855,99437,3448.4,2821.6,3135,3003.65374659332,09:22:24,0
IF1509,2987,4,2987.2,12,3050,3050,2977,2987.2,99862,99464,3448.4,2821.6,3135,3003.64926405534,09:22:24,500
IF1509,2986,7,2986.4,11,3050,3050,2977,2986.2,99857,99508,3448.4,2821.6,3135,3003.64172126864,09:22:25,0
IF1509,2985.4,29,2985.8,6,3050,3050,2977,2985.4,99847,99573,3448.4,2821.6,3135,3003.63011057214,09:22:25,500
IF1509,2985.4,6,2986,76,3050,3050,2977,2986,99882,99627,3448.4,2821.6,3135,3003.620373995,09:22:26,0
IF1509,2984,7,2984.8,6,3050,3050,2977,2984,99944,99725,3448.4,2821.6,3135,3003.60210980196,09:22:26,500
IF1509,2983.6,13,2984,2,3050,3050,2977,2984,99955,99766,3448.4,2821.6,3135,3003.59414229297,09:22:27,0
IF1509,2984.4,1,2984.8,2,3050,3050,2977,2984.8,99952,99846,3448.4,2821.6,3135,3003.57870520602,09:22:27,500
IF1509,2984,1,2984.4,11,3050,3050,2977,2984.4,99964,99939,3448.4,2821.6,3135,3003.56070202824,09:22:28,0
IF1509,2984,10,2985.4,32,3050,3050,2977,2984.4,99999,100012,3448.4,2821.6,3135,3003.54673639163,09:22:28,500
IF1509,2984,13,2984.6,3,3050,3050,2977,2984.6,100012,100063,3448.4,2821.6,3135,3003.53701168264,09:22:29,0
IF1509,2983.2,7,2983.8,1,3050,3050,2977,2984,100029,100116,3448.4,2821.6,3135,3003.5266331056,09:22:29,500
IF1509,2982.8,2,2983.2,1,3050,3050,2977,2983.4,100078,100276,3448.4,2821.6,3135,3003.4955602537,09:22:30,0
IF1509,2983.6,1,2984.4,1,3050,3050,2977,2984,100105,100367,3448.4,2821.6,3135,3003.47773272091,09:22:30,500
IF1509,2984,3,2985,7,3050,3050,2977,2985,100137,100484,3448.4,2821.6,3135,3003.45536403806,09:22:31,0
IF1509,2984.4,7,2984.8,4,3050,3050,2977,2984.8,100138,100573,3448.4,2821.6,3135,3003.43849144403,09:22:31,500
IF1509,2985,1,2986,73,3050,3050,2977,2985,100181,100688,3448.4,2821.6,3135,3003.41707055458,09:22:32,0
IF1509,2985.4,2,2985.8,7,3050,3050,2977,2985.4,100201,100739,3448.4,2821.6,3135,3003.40781822333,09:22:32,500
IF1509,2984.8,2,2986,33,3050,3050,2977,2986,100244,100829,3448.4,2821.6,3135,3003.39192295867,09:22:33,0
IF1509,2985.6,13,2985.8,3,3050,3050,2977,2985.6,100295,100914,3448.4,2821.6,3135,3003.37735695741,09:22:33,500
IF1509,2986.8,3,2987.8,2,3050,3050,2977,2987,100306,100956,3448.4,2821.6,3135,3003.3704703039,09:22:34,0
IF1509,2987.6,1,2988.2,4,3050,3050,2977,2988,100318,101013,3448.4,2821.6,3135,3003.36168017978,09:22:34,500
IF1509,2988.2,2,2988.4,12,3050,3050,2977,2988.2,100322,101050,3448.4,2821.6,3135,3003.35607521029,09:22:35,0
IF1509,2986,9,2986.2,43,3050,3050,2977,2986.2,100346,101133,3448.4,2821.6,3135,3003.34308287107,09:22:35,500
IF1509,2985,9,2986,45,3050,3050,2977,2985,100367,101211,3448.4,2821.6,3135,3003.32957089644,09:22:36,0
IF1509,2985.4,1,2985.8,17,3050,3050,2977,2985.8,100370,101264,3448.4,2821.6,3135,3003.32019276347,09:22:36,500
IF1509,2984,5,2985.4,10,3050,3050,2977,2985.4,100363,101328,3448.4,2821.6,3135,3003.30872414338,09:22:37,0
IF1509,2984,4,2984.4,3,3050,3050,2977,2984,100366,101348,3448.4,2821.6,3135,3003.30505387378,09:22:37,500
IF1509,2983.2,8,2984,2,3050,3050,2977,2984.8,100357,101394,3448.4,2821.6,3135,3003.29630352881,09:22:38,0
IF1509,2984,1,2984.2,5,3050,3050,2977,2983.4,100366,101425,3448.4,2821.6,3135,3003.2903386739,09:22:38,500
IF1509,2982.8,7,2983,2,3050,3050,2977,2984,100361,101494,3448.4,2821.6,3135,3003.2771316531,09:22:39,0
IF1509,2983.2,4,2984,11,3050,3050,2977,2983.2,100382,101544,3448.4,2821.6,3135,3003.26746435043,09:22:39,500
IF1509,2983.6,15,2984.8,9,3050,3050,2977,2984,100399,101597,3448.4,2821.6,3135,3003.25743476678,09:22:40,0
IF1509,2984,28,2984.4,1,3050,3050,2977,2984.4,100411,101633,3448.4,2821.6,3135,3003.25066661419,09:22:40,500
IF1509,2984.6,1,2985,6,3050,3050,2977,2984.6,100422,101685,3448.4,2821.6,3135,3003.24115651276,09:22:41,0
IF1509,2985,11,2985.4,15,3050,3050,2977,2985,100439,101737,3448.4,2821.6,3135,3003.23178784513,09:22:41,500
IF1509,2985.2,1,2986,10,3050,3050,2977,2986,100458,101824,3448.4,2821.6,3135,3003.21637727844,09:22:42,0
IF1509,2985,6,2985.8,15,3050,3050,2977,2985.8,100473,101852,3448.4,2821.6,3135,3003.21147743785,09:22:42,500
IF1509,2984.6,7,2985,4,3050,3050,2977,2985,100473,101872,3448.4,2821.6,3135,3003.20790207319,09:22:43,0
